%YAML 1.1
%TAG !u! tag:unity3d.com,2011:
--- !u!1 &807722214652591155
GameObject:
  m_ObjectHideFlags: 0
  m_CorrespondingSourceObject: {fileID: 0}
  m_PrefabInstance: {fileID: 0}
  m_PrefabAsset: {fileID: 0}
  serializedVersion: 6
  m_Component:
  - component: {fileID: 4820418797004051150}
  - component: {fileID: 8420927256221185987}
  - component: {fileID: 4426955179013269083}
  m_Layer: 0
  m_Name: Hire-tail
  m_TagString: Untagged
  m_Icon: {fileID: 0}
  m_NavMeshLayer: 0
  m_StaticEditorFlags: 0
  m_IsActive: 1
--- !u!4 &4820418797004051150
Transform:
  m_ObjectHideFlags: 0
  m_CorrespondingSourceObject: {fileID: 0}
  m_PrefabInstance: {fileID: 0}
  m_PrefabAsset: {fileID: 0}
  m_GameObject: {fileID: 807722214652591155}
  m_LocalRotation: {x: 0, y: 0, z: 0.7071068, w: 0.7071067}
  m_LocalPosition: {x: -0.00906215, y: 0.54956114, z: -1.0565712}
  m_LocalScale: {x: 1, y: 1, z: 1}
  m_ConstrainProportionsScale: 0
  m_Children: []
  m_Father: {fileID: 5162248491600942519}
  m_RootOrder: 3
  m_LocalEulerAnglesHint: {x: 0, y: 0, z: 0}
--- !u!33 &8420927256221185987
MeshFilter:
  m_ObjectHideFlags: 0
  m_CorrespondingSourceObject: {fileID: 0}
  m_PrefabInstance: {fileID: 0}
  m_PrefabAsset: {fileID: 0}
  m_GameObject: {fileID: 807722214652591155}
  m_Mesh: {fileID: -5200243667486048567, guid: 33745165508152144ae1828884b2edc6, type: 3}
--- !u!23 &4426955179013269083
MeshRenderer:
  m_ObjectHideFlags: 0
  m_CorrespondingSourceObject: {fileID: 0}
  m_PrefabInstance: {fileID: 0}
  m_PrefabAsset: {fileID: 0}
  m_GameObject: {fileID: 807722214652591155}
  m_Enabled: 1
  m_CastShadows: 1
  m_ReceiveShadows: 1
  m_DynamicOccludee: 1
  m_StaticShadowCaster: 0
  m_MotionVectors: 1
  m_LightProbeUsage: 1
  m_ReflectionProbeUsage: 1
  m_RayTracingMode: 2
  m_RayTraceProcedural: 0
  m_RenderingLayerMask: 1
  m_RendererPriority: 0
  m_Materials:
  - {fileID: 2100000, guid: d61ea12f656d09e468804bc326d0b84f, type: 2}
  m_StaticBatchInfo:
    firstSubMesh: 0
    subMeshCount: 0
  m_StaticBatchRoot: {fileID: 0}
  m_ProbeAnchor: {fileID: 0}
  m_LightProbeVolumeOverride: {fileID: 0}
  m_ScaleInLightmap: 1
  m_ReceiveGI: 1
  m_PreserveUVs: 0
  m_IgnoreNormalsForChartDetection: 0
  m_ImportantGI: 0
  m_StitchLightmapSeams: 1
  m_SelectedEditorRenderState: 3
  m_MinimumChartSize: 4
  m_AutoUVMaxDistance: 0.5
  m_AutoUVMaxAngle: 89
  m_LightmapParameters: {fileID: 0}
  m_SortingLayerID: 0
  m_SortingLayer: 0
  m_SortingOrder: 0
  m_AdditionalVertexStreams: {fileID: 0}
--- !u!1 &2039325186613281226
GameObject:
  m_ObjectHideFlags: 0
  m_CorrespondingSourceObject: {fileID: 0}
  m_PrefabInstance: {fileID: 0}
  m_PrefabAsset: {fileID: 0}
  serializedVersion: 6
  m_Component:
  - component: {fileID: 1034722574226440871}
  - component: {fileID: 2086540069218784036}
  - component: {fileID: 7408010682816475049}
  m_Layer: 0
  m_Name: Eyes
  m_TagString: Untagged
  m_Icon: {fileID: 0}
  m_NavMeshLayer: 0
  m_StaticEditorFlags: 0
  m_IsActive: 1
--- !u!4 &1034722574226440871
Transform:
  m_ObjectHideFlags: 0
  m_CorrespondingSourceObject: {fileID: 0}
  m_PrefabInstance: {fileID: 0}
  m_PrefabAsset: {fileID: 0}
  m_GameObject: {fileID: 2039325186613281226}
  m_LocalRotation: {x: 0, y: -0, z: -0, w: 1}
  m_LocalPosition: {x: -0.52481073, y: 0.67089665, z: 0.44519702}
  m_LocalScale: {x: 1, y: 1, z: 1}
  m_ConstrainProportionsScale: 0
  m_Children: []
  m_Father: {fileID: 5162248491600942519}
  m_RootOrder: 2
  m_LocalEulerAnglesHint: {x: 0, y: 0, z: 0}
--- !u!33 &2086540069218784036
MeshFilter:
  m_ObjectHideFlags: 0
  m_CorrespondingSourceObject: {fileID: 0}
  m_PrefabInstance: {fileID: 0}
  m_PrefabAsset: {fileID: 0}
  m_GameObject: {fileID: 2039325186613281226}
  m_Mesh: {fileID: 3359138182758997695, guid: 33745165508152144ae1828884b2edc6, type: 3}
--- !u!23 &7408010682816475049
MeshRenderer:
  m_ObjectHideFlags: 0
  m_CorrespondingSourceObject: {fileID: 0}
  m_PrefabInstance: {fileID: 0}
  m_PrefabAsset: {fileID: 0}
  m_GameObject: {fileID: 2039325186613281226}
  m_Enabled: 1
  m_CastShadows: 1
  m_ReceiveShadows: 1
  m_DynamicOccludee: 1
  m_StaticShadowCaster: 0
  m_MotionVectors: 1
  m_LightProbeUsage: 1
  m_ReflectionProbeUsage: 1
  m_RayTracingMode: 2
  m_RayTraceProcedural: 0
  m_RenderingLayerMask: 1
  m_RendererPriority: 0
  m_Materials:
  - {fileID: 2100000, guid: e062d9fea85edaf4fb8614c337d68aff, type: 2}
  m_StaticBatchInfo:
    firstSubMesh: 0
    subMeshCount: 0
  m_StaticBatchRoot: {fileID: 0}
  m_ProbeAnchor: {fileID: 0}
  m_LightProbeVolumeOverride: {fileID: 0}
  m_ScaleInLightmap: 1
  m_ReceiveGI: 1
  m_PreserveUVs: 0
  m_IgnoreNormalsForChartDetection: 0
  m_ImportantGI: 0
  m_StitchLightmapSeams: 1
  m_SelectedEditorRenderState: 3
  m_MinimumChartSize: 4
  m_AutoUVMaxDistance: 0.5
  m_AutoUVMaxAngle: 89
  m_LightmapParameters: {fileID: 0}
  m_SortingLayerID: 0
  m_SortingLayer: 0
  m_SortingOrder: 0
  m_AdditionalVertexStreams: {fileID: 0}
--- !u!1 &5258145945247127092
GameObject:
  m_ObjectHideFlags: 0
  m_CorrespondingSourceObject: {fileID: 0}
  m_PrefabInstance: {fileID: 0}
  m_PrefabAsset: {fileID: 0}
  serializedVersion: 6
  m_Component:
  - component: {fileID: 8790009543486175334}
  - component: {fileID: 1213034790583279038}
  - component: {fileID: 7171280638243308922}
  m_Layer: 0
  m_Name: Body
  m_TagString: Untagged
  m_Icon: {fileID: 0}
  m_NavMeshLayer: 0
  m_StaticEditorFlags: 0
  m_IsActive: 1
--- !u!4 &8790009543486175334
Transform:
  m_ObjectHideFlags: 0
  m_CorrespondingSourceObject: {fileID: 0}
  m_PrefabInstance: {fileID: 0}
  m_PrefabAsset: {fileID: 0}
  m_GameObject: {fileID: 5258145945247127092}
  m_LocalRotation: {x: 0, y: -0, z: -0, w: 1}
  m_LocalPosition: {x: 0, y: 0, z: 0}
  m_LocalScale: {x: 1, y: 1, z: 1}
  m_ConstrainProportionsScale: 0
  m_Children: []
  m_Father: {fileID: 5162248491600942519}
  m_RootOrder: 1
  m_LocalEulerAnglesHint: {x: 0, y: 0, z: 0}
--- !u!33 &1213034790583279038
MeshFilter:
  m_ObjectHideFlags: 0
  m_CorrespondingSourceObject: {fileID: 0}
  m_PrefabInstance: {fileID: 0}
  m_PrefabAsset: {fileID: 0}
  m_GameObject: {fileID: 5258145945247127092}
  m_Mesh: {fileID: 2959467708922500008, guid: 33745165508152144ae1828884b2edc6, type: 3}
--- !u!23 &7171280638243308922
MeshRenderer:
  m_ObjectHideFlags: 0
  m_CorrespondingSourceObject: {fileID: 0}
  m_PrefabInstance: {fileID: 0}
  m_PrefabAsset: {fileID: 0}
  m_GameObject: {fileID: 5258145945247127092}
  m_Enabled: 1
  m_CastShadows: 1
  m_ReceiveShadows: 1
  m_DynamicOccludee: 1
  m_StaticShadowCaster: 0
  m_MotionVectors: 1
  m_LightProbeUsage: 1
  m_ReflectionProbeUsage: 1
  m_RayTracingMode: 2
  m_RayTraceProcedural: 0
  m_RenderingLayerMask: 1
  m_RendererPriority: 0
  m_Materials:
  - {fileID: 2100000, guid: d9dfbcf98863feb4588b9467b62a78fd, type: 2}
  m_StaticBatchInfo:
    firstSubMesh: 0
    subMeshCount: 0
  m_StaticBatchRoot: {fileID: 0}
  m_ProbeAnchor: {fileID: 0}
  m_LightProbeVolumeOverride: {fileID: 0}
  m_ScaleInLightmap: 1
  m_ReceiveGI: 1
  m_PreserveUVs: 0
  m_IgnoreNormalsForChartDetection: 0
  m_ImportantGI: 0
  m_StitchLightmapSeams: 1
  m_SelectedEditorRenderState: 3
  m_MinimumChartSize: 4
  m_AutoUVMaxDistance: 0.5
  m_AutoUVMaxAngle: 89
  m_LightmapParameters: {fileID: 0}
  m_SortingLayerID: 0
  m_SortingLayer: 0
  m_SortingOrder: 0
  m_AdditionalVertexStreams: {fileID: 0}
--- !u!1 &5541728869341187853
GameObject:
  m_ObjectHideFlags: 0
  m_CorrespondingSourceObject: {fileID: 0}
  m_PrefabInstance: {fileID: 0}
  m_PrefabAsset: {fileID: 0}
  serializedVersion: 6
  m_Component:
  - component: {fileID: 5162248491600942519}
  - component: {fileID: 554997766}
  m_Layer: 0
  m_Name: Oxygenhugu
  m_TagString: Untagged
  m_Icon: {fileID: 0}
  m_NavMeshLayer: 0
  m_StaticEditorFlags: 0
  m_IsActive: 1
--- !u!4 &5162248491600942519
Transform:
  m_ObjectHideFlags: 0
  m_CorrespondingSourceObject: {fileID: 0}
  m_PrefabInstance: {fileID: 0}
  m_PrefabAsset: {fileID: 0}
  m_GameObject: {fileID: 5541728869341187853}
  m_LocalRotation: {x: 0, y: 0, z: 0, w: 1}
  m_LocalPosition: {x: -5.261282, y: -3.8683786, z: 3.72}
  m_LocalScale: {x: 1, y: 1, z: 1}
  m_ConstrainProportionsScale: 0
  m_Children:
  - {fileID: 4106363187493262967}
  - {fileID: 8790009543486175334}
  - {fileID: 1034722574226440871}
  - {fileID: 4820418797004051150}
  m_Father: {fileID: 0}
  m_RootOrder: 0
  m_LocalEulerAnglesHint: {x: 0, y: 0, z: 0}
--- !u!114 &554997766
MonoBehaviour:
  m_ObjectHideFlags: 0
  m_CorrespondingSourceObject: {fileID: 0}
  m_PrefabInstance: {fileID: 0}
  m_PrefabAsset: {fileID: 0}
  m_GameObject: {fileID: 5541728869341187853}
  m_Enabled: 1
  m_EditorHideFlags: 0
  m_Script: {fileID: 11500000, guid: b8d6f8df1862fcd4b82c735f8cca6e3d, type: 3}
  m_Name: 
  m_EditorClassIdentifier: 
  activeTime: 2
--- !u!1001 &2114029816350134167
PrefabInstance:
  m_ObjectHideFlags: 0
  serializedVersion: 2
  m_Modification:
    m_TransformParent: {fileID: 5162248491600942519}
    m_Modifications:
    - target: {fileID: 2714036129214274016, guid: c1f0d3d7d49599c498a538acdb05ba62, type: 3}
      propertyPath: m_RootOrder
      value: 0
      objectReference: {fileID: 0}
    - target: {fileID: 2714036129214274016, guid: c1f0d3d7d49599c498a538acdb05ba62, type: 3}
      propertyPath: m_LocalPosition.x
      value: 0.07
      objectReference: {fileID: 0}
    - target: {fileID: 2714036129214274016, guid: c1f0d3d7d49599c498a538acdb05ba62, type: 3}
      propertyPath: m_LocalPosition.y
      value: 0.53
      objectReference: {fileID: 0}
    - target: {fileID: 2714036129214274016, guid: c1f0d3d7d49599c498a538acdb05ba62, type: 3}
      propertyPath: m_LocalPosition.z
      value: 0.96
      objectReference: {fileID: 0}
    - target: {fileID: 2714036129214274016, guid: c1f0d3d7d49599c498a538acdb05ba62, type: 3}
      propertyPath: m_LocalRotation.w
      value: 1
      objectReference: {fileID: 0}
    - target: {fileID: 2714036129214274016, guid: c1f0d3d7d49599c498a538acdb05ba62, type: 3}
      propertyPath: m_LocalRotation.x
      value: 0
      objectReference: {fileID: 0}
    - target: {fileID: 2714036129214274016, guid: c1f0d3d7d49599c498a538acdb05ba62, type: 3}
      propertyPath: m_LocalRotation.y
      value: 0
      objectReference: {fileID: 0}
    - target: {fileID: 2714036129214274016, guid: c1f0d3d7d49599c498a538acdb05ba62, type: 3}
      propertyPath: m_LocalRotation.z
      value: 0
      objectReference: {fileID: 0}
    - target: {fileID: 2714036129214274016, guid: c1f0d3d7d49599c498a538acdb05ba62, type: 3}
      propertyPath: m_LocalEulerAnglesHint.x
      value: 0
      objectReference: {fileID: 0}
    - target: {fileID: 2714036129214274016, guid: c1f0d3d7d49599c498a538acdb05ba62, type: 3}
      propertyPath: m_LocalEulerAnglesHint.y
      value: 0
      objectReference: {fileID: 0}
    - target: {fileID: 2714036129214274016, guid: c1f0d3d7d49599c498a538acdb05ba62, type: 3}
      propertyPath: m_LocalEulerAnglesHint.z
      value: 0
      objectReference: {fileID: 0}
    - target: {fileID: 2714036129214274017, guid: c1f0d3d7d49599c498a538acdb05ba62, type: 3}
      propertyPath: looping
      value: 0
      objectReference: {fileID: 0}
    - target: {fileID: 2714036129214274017, guid: c1f0d3d7d49599c498a538acdb05ba62, type: 3}
      propertyPath: stopAction
      value: 1
      objectReference: {fileID: 0}
    - target: {fileID: 2714036129214274017, guid: c1f0d3d7d49599c498a538acdb05ba62, type: 3}
      propertyPath: lengthInSec
      value: 5
      objectReference: {fileID: 0}
    - target: {fileID: 2714036129214274017, guid: c1f0d3d7d49599c498a538acdb05ba62, type: 3}
      propertyPath: ShapeModule.type
      value: 5
      objectReference: {fileID: 0}
    - target: {fileID: 2714036129214274017, guid: c1f0d3d7d49599c498a538acdb05ba62, type: 3}
      propertyPath: ShapeModule.angle
      value: 2.01
      objectReference: {fileID: 0}
    - target: {fileID: 2714036129214274017, guid: c1f0d3d7d49599c498a538acdb05ba62, type: 3}
      propertyPath: ShapeModule.m_Scale.x
      value: 0.27464074
      objectReference: {fileID: 0}
    - target: {fileID: 2714036129214274017, guid: c1f0d3d7d49599c498a538acdb05ba62, type: 3}
      propertyPath: ShapeModule.m_Scale.y
      value: 0.29831356
      objectReference: {fileID: 0}
    - target: {fileID: 2714036129214274017, guid: c1f0d3d7d49599c498a538acdb05ba62, type: 3}
      propertyPath: ShapeModule.m_Scale.z
      value: 0.3036995
      objectReference: {fileID: 0}
    - target: {fileID: 2714036129214274017, guid: c1f0d3d7d49599c498a538acdb05ba62, type: 3}
      propertyPath: VelocityModule.enabled
      value: 1
      objectReference: {fileID: 0}
    - target: {fileID: 2714036129214274017, guid: c1f0d3d7d49599c498a538acdb05ba62, type: 3}
      propertyPath: VelocityModule.x.scalar
      value: 1
      objectReference: {fileID: 0}
    - target: {fileID: 2714036129214274017, guid: c1f0d3d7d49599c498a538acdb05ba62, type: 3}
      propertyPath: VelocityModule.y.scalar
      value: 6
      objectReference: {fileID: 0}
    - target: {fileID: 2714036129214274017, guid: c1f0d3d7d49599c498a538acdb05ba62, type: 3}
      propertyPath: VelocityModule.z.scalar
      value: 1
      objectReference: {fileID: 0}
    - target: {fileID: 2714036129214274017, guid: c1f0d3d7d49599c498a538acdb05ba62, type: 3}
      propertyPath: ShapeModule.radius.value
      value: 0.19
      objectReference: {fileID: 0}
    - target: {fileID: 2714036129214274017, guid: c1f0d3d7d49599c498a538acdb05ba62, type: 3}
      propertyPath: SizeModule.y.minMaxState
      value: 1
      objectReference: {fileID: 0}
    - target: {fileID: 2714036129214274017, guid: c1f0d3d7d49599c498a538acdb05ba62, type: 3}
      propertyPath: SizeModule.z.minMaxState
      value: 1
      objectReference: {fileID: 0}
    - target: {fileID: 2714036129214274017, guid: c1f0d3d7d49599c498a538acdb05ba62, type: 3}
      propertyPath: ShapeModule.radiusThickness
      value: 1
      objectReference: {fileID: 0}
    - target: {fileID: 2714036129214274017, guid: c1f0d3d7d49599c498a538acdb05ba62, type: 3}
      propertyPath: SizeModule.curve.minMaxState
      value: 1
      objectReference: {fileID: 0}
    - target: {fileID: 2714036129214274017, guid: c1f0d3d7d49599c498a538acdb05ba62, type: 3}
      propertyPath: VelocityModule.x.minMaxState
      value: 1
      objectReference: {fileID: 0}
    - target: {fileID: 2714036129214274017, guid: c1f0d3d7d49599c498a538acdb05ba62, type: 3}
      propertyPath: VelocityModule.y.minMaxState
      value: 1
      objectReference: {fileID: 0}
    - target: {fileID: 2714036129214274017, guid: c1f0d3d7d49599c498a538acdb05ba62, type: 3}
      propertyPath: VelocityModule.z.minMaxState
      value: 1
      objectReference: {fileID: 0}
    - target: {fileID: 2714036129214274017, guid: c1f0d3d7d49599c498a538acdb05ba62, type: 3}
      propertyPath: InitialModule.startSpeed.scalar
      value: 1
      objectReference: {fileID: 0}
    - target: {fileID: 2714036129214274017, guid: c1f0d3d7d49599c498a538acdb05ba62, type: 3}
      propertyPath: EmissionModule.rateOverTime.scalar
      value: 10
      objectReference: {fileID: 0}
    - target: {fileID: 2714036129214274017, guid: c1f0d3d7d49599c498a538acdb05ba62, type: 3}
      propertyPath: InitialModule.startLifetime.scalar
      value: 1.2
      objectReference: {fileID: 0}
    - target: {fileID: 2714036129214274017, guid: c1f0d3d7d49599c498a538acdb05ba62, type: 3}
      propertyPath: VelocityModule.y.maxCurve.m_Curve.Array.data[1].time
      value: 0.2618111
      objectReference: {fileID: 0}
    - target: {fileID: 2714036129214274017, guid: c1f0d3d7d49599c498a538acdb05ba62, type: 3}
      propertyPath: VelocityModule.y.maxCurve.m_Curve.Array.data[1].value
      value: 1
      objectReference: {fileID: 0}
    - target: {fileID: 2714036129214274017, guid: c1f0d3d7d49599c498a538acdb05ba62, type: 3}
      propertyPath: SizeModule.curve.maxCurve.m_Curve.Array.data[0].inSlope
      value: -0.20093241
      objectReference: {fileID: 0}
    - target: {fileID: 2714036129214274017, guid: c1f0d3d7d49599c498a538acdb05ba62, type: 3}
      propertyPath: VelocityModule.y.maxCurve.m_Curve.Array.data[1].inSlope
      value: 2
      objectReference: {fileID: 0}
    - target: {fileID: 2714036129214274017, guid: c1f0d3d7d49599c498a538acdb05ba62, type: 3}
      propertyPath: SizeModule.curve.maxCurve.m_Curve.Array.data[0].outSlope
      value: -0.20093241
      objectReference: {fileID: 0}
    - target: {fileID: 2714036129214274017, guid: c1f0d3d7d49599c498a538acdb05ba62, type: 3}
      propertyPath: SizeModule.curve.maxCurve.m_Curve.Array.data[1].outSlope
      value: 1
      objectReference: {fileID: 0}
    - target: {fileID: 2714036129214274017, guid: c1f0d3d7d49599c498a538acdb05ba62, type: 3}
      propertyPath: VelocityModule.y.maxCurve.m_Curve.Array.data[0].inWeight
      value: 0
      objectReference: {fileID: 0}
    - target: {fileID: 2714036129214274017, guid: c1f0d3d7d49599c498a538acdb05ba62, type: 3}
      propertyPath: VelocityModule.y.maxCurve.m_Curve.Array.data[1].inWeight
      value: 0
      objectReference: {fileID: 0}
    - target: {fileID: 2714036129214274017, guid: c1f0d3d7d49599c498a538acdb05ba62, type: 3}
      propertyPath: VelocityModule.y.maxCurve.m_Curve.Array.data[1].outSlope
      value: 2
      objectReference: {fileID: 0}
    - target: {fileID: 2714036129214274017, guid: c1f0d3d7d49599c498a538acdb05ba62, type: 3}
      propertyPath: SizeModule.curve.maxCurve.m_Curve.Array.data[0].outWeight
      value: 0.23760173
      objectReference: {fileID: 0}
    - target: {fileID: 2714036129214274017, guid: c1f0d3d7d49599c498a538acdb05ba62, type: 3}
      propertyPath: VelocityModule.y.maxCurve.m_Curve.Array.data[0].outWeight
      value: 0
      objectReference: {fileID: 0}
    - target: {fileID: 2714036129214274017, guid: c1f0d3d7d49599c498a538acdb05ba62, type: 3}
      propertyPath: VelocityModule.y.maxCurve.m_Curve.Array.data[1].outWeight
      value: 0
      objectReference: {fileID: 0}
    - target: {fileID: 2714036129214274023, guid: c1f0d3d7d49599c498a538acdb05ba62, type: 3}
      propertyPath: m_Name
      value: Bubble 1
      objectReference: {fileID: 0}
    - target: {fileID: 2714036129214274023, guid: c1f0d3d7d49599c498a538acdb05ba62, type: 3}
      propertyPath: m_TagString
      value: HealArea
      objectReference: {fileID: 0}
    m_RemovedComponents: []
  m_SourcePrefab: {fileID: 100100000, guid: c1f0d3d7d49599c498a538acdb05ba62, type: 3}
--- !u!1 &4106363187493262960 stripped
GameObject:
  m_CorrespondingSourceObject: {fileID: 2714036129214274023, guid: c1f0d3d7d49599c498a538acdb05ba62, type: 3}
  m_PrefabInstance: {fileID: 2114029816350134167}
  m_PrefabAsset: {fileID: 0}
--- !u!65 &4825060098756477012
BoxCollider:
  m_ObjectHideFlags: 0
  m_CorrespondingSourceObject: {fileID: 0}
  m_PrefabInstance: {fileID: 0}
  m_PrefabAsset: {fileID: 0}
  m_GameObject: {fileID: 4106363187493262960}
  m_Material: {fileID: 0}
  m_IsTrigger: 1
  m_Enabled: 1
  serializedVersion: 2
  m_Size: {x: 1.7617861, y: 7.3947864, z: 1.6925046}
  m_Center: {x: -0.039509892, y: 3.4198997, z: 0.3982501}
--- !u!4 &4106363187493262967 stripped
Transform:
  m_CorrespondingSourceObject: {fileID: 2714036129214274016, guid: c1f0d3d7d49599c498a538acdb05ba62, type: 3}
  m_PrefabInstance: {fileID: 2114029816350134167}
  m_PrefabAsset: {fileID: 0}
