%YAML 1.1
%TAG !u! tag:unity3d.com,2011:
--- !u!1 &2997043344677564850
GameObject:
  m_ObjectHideFlags: 0
  m_CorrespondingSourceObject: {fileID: 0}
  m_PrefabInstance: {fileID: 0}
  m_PrefabAsset: {fileID: 0}
  serializedVersion: 6
  m_Component:
  - component: {fileID: 2997043344677564851}
  m_Layer: 5
  m_Name: MoveGudeUIs
  m_TagString: Untagged
  m_Icon: {fileID: 0}
  m_NavMeshLayer: 0
  m_StaticEditorFlags: 0
  m_IsActive: 1
--- !u!224 &2997043344677564851
RectTransform:
  m_ObjectHideFlags: 0
  m_CorrespondingSourceObject: {fileID: 0}
  m_PrefabInstance: {fileID: 0}
  m_PrefabAsset: {fileID: 0}
  m_GameObject: {fileID: 2997043344677564850}
  m_LocalRotation: {x: -0, y: -0, z: -0, w: 1}
  m_LocalPosition: {x: 0, y: 0, z: 0}
  m_LocalScale: {x: 1, y: 1, z: 1}
  m_ConstrainProportionsScale: 0
  m_Children:
  - {fileID: 2997043344442668483}
  - {fileID: 1786744936264163955}
  - {fileID: 1786744936335167145}
  - {fileID: 1786744937592573970}
  - {fileID: 1786744936385096572}
  - {fileID: 1786744936359511673}
  - {fileID: 1786744937039257152}
  - {fileID: 5466405001447294051}
  m_Father: {fileID: 0}
  m_RootOrder: 0
  m_LocalEulerAnglesHint: {x: 0, y: 0, z: 0}
  m_AnchorMin: {x: 0.5, y: 0.5}
  m_AnchorMax: {x: 0.5, y: 0.5}
  m_AnchoredPosition: {x: 0, y: 0}
  m_SizeDelta: {x: 100, y: 100}
  m_Pivot: {x: 0.5, y: 0.5}
--- !u!1001 &1786744936346964410
PrefabInstance:
  m_ObjectHideFlags: 0
  serializedVersion: 2
  m_Modification:
    m_TransformParent: {fileID: 2997043344677564851}
    m_Modifications:
    - target: {fileID: 3556832186646946917, guid: 516423c9f5d59f94c9e60cac6e0200a0, type: 3}
      propertyPath: m_Name
      value: MoveGuideUI
      objectReference: {fileID: 0}
    - target: {fileID: 3556832186646946919, guid: 516423c9f5d59f94c9e60cac6e0200a0, type: 3}
      propertyPath: m_PresetInfoIsWorld
      value: 1
      objectReference: {fileID: 0}
    - target: {fileID: 3556832186646946937, guid: 516423c9f5d59f94c9e60cac6e0200a0, type: 3}
      propertyPath: m_Pivot.x
      value: 0.5
      objectReference: {fileID: 0}
    - target: {fileID: 3556832186646946937, guid: 516423c9f5d59f94c9e60cac6e0200a0, type: 3}
      propertyPath: m_Pivot.y
      value: 0.5
      objectReference: {fileID: 0}
    - target: {fileID: 3556832186646946937, guid: 516423c9f5d59f94c9e60cac6e0200a0, type: 3}
      propertyPath: m_RootOrder
      value: 0
      objectReference: {fileID: 0}
    - target: {fileID: 3556832186646946937, guid: 516423c9f5d59f94c9e60cac6e0200a0, type: 3}
      propertyPath: m_AnchorMax.x
      value: 0
      objectReference: {fileID: 0}
    - target: {fileID: 3556832186646946937, guid: 516423c9f5d59f94c9e60cac6e0200a0, type: 3}
      propertyPath: m_AnchorMax.y
      value: 0
      objectReference: {fileID: 0}
    - target: {fileID: 3556832186646946937, guid: 516423c9f5d59f94c9e60cac6e0200a0, type: 3}
      propertyPath: m_AnchorMin.x
      value: 0
      objectReference: {fileID: 0}
    - target: {fileID: 3556832186646946937, guid: 516423c9f5d59f94c9e60cac6e0200a0, type: 3}
      propertyPath: m_AnchorMin.y
      value: 0
      objectReference: {fileID: 0}
    - target: {fileID: 3556832186646946937, guid: 516423c9f5d59f94c9e60cac6e0200a0, type: 3}
      propertyPath: m_SizeDelta.x
      value: 10
      objectReference: {fileID: 0}
    - target: {fileID: 3556832186646946937, guid: 516423c9f5d59f94c9e60cac6e0200a0, type: 3}
      propertyPath: m_SizeDelta.y
      value: 10
      objectReference: {fileID: 0}
    - target: {fileID: 3556832186646946937, guid: 516423c9f5d59f94c9e60cac6e0200a0, type: 3}
      propertyPath: m_LocalPosition.x
      value: 0
      objectReference: {fileID: 0}
    - target: {fileID: 3556832186646946937, guid: 516423c9f5d59f94c9e60cac6e0200a0, type: 3}
      propertyPath: m_LocalPosition.y
      value: 0
      objectReference: {fileID: 0}
    - target: {fileID: 3556832186646946937, guid: 516423c9f5d59f94c9e60cac6e0200a0, type: 3}
      propertyPath: m_LocalPosition.z
      value: 0
      objectReference: {fileID: 0}
    - target: {fileID: 3556832186646946937, guid: 516423c9f5d59f94c9e60cac6e0200a0, type: 3}
      propertyPath: m_LocalRotation.w
      value: 1
      objectReference: {fileID: 0}
    - target: {fileID: 3556832186646946937, guid: 516423c9f5d59f94c9e60cac6e0200a0, type: 3}
      propertyPath: m_LocalRotation.x
      value: -0
      objectReference: {fileID: 0}
    - target: {fileID: 3556832186646946937, guid: 516423c9f5d59f94c9e60cac6e0200a0, type: 3}
      propertyPath: m_LocalRotation.y
      value: -0
      objectReference: {fileID: 0}
    - target: {fileID: 3556832186646946937, guid: 516423c9f5d59f94c9e60cac6e0200a0, type: 3}
      propertyPath: m_LocalRotation.z
      value: -0
      objectReference: {fileID: 0}
    - target: {fileID: 3556832186646946937, guid: 516423c9f5d59f94c9e60cac6e0200a0, type: 3}
      propertyPath: m_AnchoredPosition.x
      value: 162.8
      objectReference: {fileID: 0}
    - target: {fileID: 3556832186646946937, guid: 516423c9f5d59f94c9e60cac6e0200a0, type: 3}
      propertyPath: m_AnchoredPosition.y
      value: 35.799995
      objectReference: {fileID: 0}
    - target: {fileID: 3556832186646946937, guid: 516423c9f5d59f94c9e60cac6e0200a0, type: 3}
      propertyPath: m_LocalEulerAnglesHint.x
      value: 0
      objectReference: {fileID: 0}
    - target: {fileID: 3556832186646946937, guid: 516423c9f5d59f94c9e60cac6e0200a0, type: 3}
      propertyPath: m_LocalEulerAnglesHint.y
      value: 0
      objectReference: {fileID: 0}
    - target: {fileID: 3556832186646946937, guid: 516423c9f5d59f94c9e60cac6e0200a0, type: 3}
      propertyPath: m_LocalEulerAnglesHint.z
      value: 0
      objectReference: {fileID: 0}
    - target: {fileID: 5585609219511239256, guid: 516423c9f5d59f94c9e60cac6e0200a0, type: 3}
      propertyPath: trackedObject
      value: 
      objectReference: {fileID: 0}
    m_RemovedComponents: []
  m_SourcePrefab: {fileID: 100100000, guid: 516423c9f5d59f94c9e60cac6e0200a0, type: 3}
--- !u!224 &2997043344442668483 stripped
RectTransform:
  m_CorrespondingSourceObject: {fileID: 3556832186646946937, guid: 516423c9f5d59f94c9e60cac6e0200a0, type: 3}
  m_PrefabInstance: {fileID: 1786744936346964410}
  m_PrefabAsset: {fileID: 0}
--- !u!1001 &2997043343598990443
PrefabInstance:
  m_ObjectHideFlags: 0
  serializedVersion: 2
  m_Modification:
    m_TransformParent: {fileID: 2997043344677564851}
    m_Modifications:
    - target: {fileID: 3556832186646946917, guid: 516423c9f5d59f94c9e60cac6e0200a0, type: 3}
      propertyPath: m_Name
      value: MoveGuideUI (4)
      objectReference: {fileID: 0}
    - target: {fileID: 3556832186646946919, guid: 516423c9f5d59f94c9e60cac6e0200a0, type: 3}
      propertyPath: m_PresetInfoIsWorld
      value: 1
      objectReference: {fileID: 0}
    - target: {fileID: 3556832186646946937, guid: 516423c9f5d59f94c9e60cac6e0200a0, type: 3}
      propertyPath: m_Pivot.x
      value: 0.5
      objectReference: {fileID: 0}
    - target: {fileID: 3556832186646946937, guid: 516423c9f5d59f94c9e60cac6e0200a0, type: 3}
      propertyPath: m_Pivot.y
      value: 0.5
      objectReference: {fileID: 0}
    - target: {fileID: 3556832186646946937, guid: 516423c9f5d59f94c9e60cac6e0200a0, type: 3}
      propertyPath: m_RootOrder
      value: 3
      objectReference: {fileID: 0}
    - target: {fileID: 3556832186646946937, guid: 516423c9f5d59f94c9e60cac6e0200a0, type: 3}
      propertyPath: m_AnchorMax.x
      value: 0
      objectReference: {fileID: 0}
    - target: {fileID: 3556832186646946937, guid: 516423c9f5d59f94c9e60cac6e0200a0, type: 3}
      propertyPath: m_AnchorMax.y
      value: 0
      objectReference: {fileID: 0}
    - target: {fileID: 3556832186646946937, guid: 516423c9f5d59f94c9e60cac6e0200a0, type: 3}
      propertyPath: m_AnchorMin.x
      value: 0
      objectReference: {fileID: 0}
    - target: {fileID: 3556832186646946937, guid: 516423c9f5d59f94c9e60cac6e0200a0, type: 3}
      propertyPath: m_AnchorMin.y
      value: 0
      objectReference: {fileID: 0}
    - target: {fileID: 3556832186646946937, guid: 516423c9f5d59f94c9e60cac6e0200a0, type: 3}
      propertyPath: m_SizeDelta.x
      value: 10
      objectReference: {fileID: 0}
    - target: {fileID: 3556832186646946937, guid: 516423c9f5d59f94c9e60cac6e0200a0, type: 3}
      propertyPath: m_SizeDelta.y
      value: 10
      objectReference: {fileID: 0}
    - target: {fileID: 3556832186646946937, guid: 516423c9f5d59f94c9e60cac6e0200a0, type: 3}
      propertyPath: m_LocalPosition.x
      value: 0
      objectReference: {fileID: 0}
    - target: {fileID: 3556832186646946937, guid: 516423c9f5d59f94c9e60cac6e0200a0, type: 3}
      propertyPath: m_LocalPosition.y
      value: 0
      objectReference: {fileID: 0}
    - target: {fileID: 3556832186646946937, guid: 516423c9f5d59f94c9e60cac6e0200a0, type: 3}
      propertyPath: m_LocalPosition.z
      value: 0
      objectReference: {fileID: 0}
    - target: {fileID: 3556832186646946937, guid: 516423c9f5d59f94c9e60cac6e0200a0, type: 3}
      propertyPath: m_LocalRotation.w
      value: 1
      objectReference: {fileID: 0}
    - target: {fileID: 3556832186646946937, guid: 516423c9f5d59f94c9e60cac6e0200a0, type: 3}
      propertyPath: m_LocalRotation.x
      value: -0
      objectReference: {fileID: 0}
    - target: {fileID: 3556832186646946937, guid: 516423c9f5d59f94c9e60cac6e0200a0, type: 3}
      propertyPath: m_LocalRotation.y
      value: -0
      objectReference: {fileID: 0}
    - target: {fileID: 3556832186646946937, guid: 516423c9f5d59f94c9e60cac6e0200a0, type: 3}
      propertyPath: m_LocalRotation.z
      value: -0
      objectReference: {fileID: 0}
    - target: {fileID: 3556832186646946937, guid: 516423c9f5d59f94c9e60cac6e0200a0, type: 3}
      propertyPath: m_AnchoredPosition.x
      value: 162.8
      objectReference: {fileID: 0}
    - target: {fileID: 3556832186646946937, guid: 516423c9f5d59f94c9e60cac6e0200a0, type: 3}
      propertyPath: m_AnchoredPosition.y
      value: 35.799995
      objectReference: {fileID: 0}
    - target: {fileID: 3556832186646946937, guid: 516423c9f5d59f94c9e60cac6e0200a0, type: 3}
      propertyPath: m_LocalEulerAnglesHint.x
      value: 0
      objectReference: {fileID: 0}
    - target: {fileID: 3556832186646946937, guid: 516423c9f5d59f94c9e60cac6e0200a0, type: 3}
      propertyPath: m_LocalEulerAnglesHint.y
      value: 0
      objectReference: {fileID: 0}
    - target: {fileID: 3556832186646946937, guid: 516423c9f5d59f94c9e60cac6e0200a0, type: 3}
      propertyPath: m_LocalEulerAnglesHint.z
      value: 0
      objectReference: {fileID: 0}
    - target: {fileID: 5585609219511239256, guid: 516423c9f5d59f94c9e60cac6e0200a0, type: 3}
      propertyPath: trackedObject
      value: 
      objectReference: {fileID: 0}
    m_RemovedComponents: []
  m_SourcePrefab: {fileID: 100100000, guid: 516423c9f5d59f94c9e60cac6e0200a0, type: 3}
--- !u!224 &1786744937592573970 stripped
RectTransform:
  m_CorrespondingSourceObject: {fileID: 3556832186646946937, guid: 516423c9f5d59f94c9e60cac6e0200a0, type: 3}
  m_PrefabInstance: {fileID: 2997043343598990443}
  m_PrefabAsset: {fileID: 0}
--- !u!1001 &2997043344119937593
PrefabInstance:
  m_ObjectHideFlags: 0
  serializedVersion: 2
  m_Modification:
    m_TransformParent: {fileID: 2997043344677564851}
    m_Modifications:
    - target: {fileID: 3556832186646946917, guid: 516423c9f5d59f94c9e60cac6e0200a0, type: 3}
      propertyPath: m_Name
      value: MoveGuideUI (7)
      objectReference: {fileID: 0}
    - target: {fileID: 3556832186646946919, guid: 516423c9f5d59f94c9e60cac6e0200a0, type: 3}
      propertyPath: m_PresetInfoIsWorld
      value: 1
      objectReference: {fileID: 0}
    - target: {fileID: 3556832186646946937, guid: 516423c9f5d59f94c9e60cac6e0200a0, type: 3}
      propertyPath: m_Pivot.x
      value: 0.5
      objectReference: {fileID: 0}
    - target: {fileID: 3556832186646946937, guid: 516423c9f5d59f94c9e60cac6e0200a0, type: 3}
      propertyPath: m_Pivot.y
      value: 0.5
      objectReference: {fileID: 0}
    - target: {fileID: 3556832186646946937, guid: 516423c9f5d59f94c9e60cac6e0200a0, type: 3}
      propertyPath: m_RootOrder
      value: 6
      objectReference: {fileID: 0}
    - target: {fileID: 3556832186646946937, guid: 516423c9f5d59f94c9e60cac6e0200a0, type: 3}
      propertyPath: m_AnchorMax.x
      value: 0
      objectReference: {fileID: 0}
    - target: {fileID: 3556832186646946937, guid: 516423c9f5d59f94c9e60cac6e0200a0, type: 3}
      propertyPath: m_AnchorMax.y
      value: 0
      objectReference: {fileID: 0}
    - target: {fileID: 3556832186646946937, guid: 516423c9f5d59f94c9e60cac6e0200a0, type: 3}
      propertyPath: m_AnchorMin.x
      value: 0
      objectReference: {fileID: 0}
    - target: {fileID: 3556832186646946937, guid: 516423c9f5d59f94c9e60cac6e0200a0, type: 3}
      propertyPath: m_AnchorMin.y
      value: 0
      objectReference: {fileID: 0}
    - target: {fileID: 3556832186646946937, guid: 516423c9f5d59f94c9e60cac6e0200a0, type: 3}
      propertyPath: m_SizeDelta.x
      value: 10
      objectReference: {fileID: 0}
    - target: {fileID: 3556832186646946937, guid: 516423c9f5d59f94c9e60cac6e0200a0, type: 3}
      propertyPath: m_SizeDelta.y
      value: 10
      objectReference: {fileID: 0}
    - target: {fileID: 3556832186646946937, guid: 516423c9f5d59f94c9e60cac6e0200a0, type: 3}
      propertyPath: m_LocalPosition.x
      value: 0
      objectReference: {fileID: 0}
    - target: {fileID: 3556832186646946937, guid: 516423c9f5d59f94c9e60cac6e0200a0, type: 3}
      propertyPath: m_LocalPosition.y
      value: 0
      objectReference: {fileID: 0}
    - target: {fileID: 3556832186646946937, guid: 516423c9f5d59f94c9e60cac6e0200a0, type: 3}
      propertyPath: m_LocalPosition.z
      value: 0
      objectReference: {fileID: 0}
    - target: {fileID: 3556832186646946937, guid: 516423c9f5d59f94c9e60cac6e0200a0, type: 3}
      propertyPath: m_LocalRotation.w
      value: 1
      objectReference: {fileID: 0}
    - target: {fileID: 3556832186646946937, guid: 516423c9f5d59f94c9e60cac6e0200a0, type: 3}
      propertyPath: m_LocalRotation.x
      value: -0
      objectReference: {fileID: 0}
    - target: {fileID: 3556832186646946937, guid: 516423c9f5d59f94c9e60cac6e0200a0, type: 3}
      propertyPath: m_LocalRotation.y
      value: -0
      objectReference: {fileID: 0}
    - target: {fileID: 3556832186646946937, guid: 516423c9f5d59f94c9e60cac6e0200a0, type: 3}
      propertyPath: m_LocalRotation.z
      value: -0
      objectReference: {fileID: 0}
    - target: {fileID: 3556832186646946937, guid: 516423c9f5d59f94c9e60cac6e0200a0, type: 3}
      propertyPath: m_AnchoredPosition.x
      value: 162.8
      objectReference: {fileID: 0}
    - target: {fileID: 3556832186646946937, guid: 516423c9f5d59f94c9e60cac6e0200a0, type: 3}
      propertyPath: m_AnchoredPosition.y
      value: 35.799995
      objectReference: {fileID: 0}
    - target: {fileID: 3556832186646946937, guid: 516423c9f5d59f94c9e60cac6e0200a0, type: 3}
      propertyPath: m_LocalEulerAnglesHint.x
      value: 0
      objectReference: {fileID: 0}
    - target: {fileID: 3556832186646946937, guid: 516423c9f5d59f94c9e60cac6e0200a0, type: 3}
      propertyPath: m_LocalEulerAnglesHint.y
      value: 0
      objectReference: {fileID: 0}
    - target: {fileID: 3556832186646946937, guid: 516423c9f5d59f94c9e60cac6e0200a0, type: 3}
      propertyPath: m_LocalEulerAnglesHint.z
      value: 0
      objectReference: {fileID: 0}
    - target: {fileID: 5585609219511239256, guid: 516423c9f5d59f94c9e60cac6e0200a0, type: 3}
      propertyPath: trackedObject
      value: 
      objectReference: {fileID: 0}
    m_RemovedComponents: []
  m_SourcePrefab: {fileID: 100100000, guid: 516423c9f5d59f94c9e60cac6e0200a0, type: 3}
--- !u!224 &1786744937039257152 stripped
RectTransform:
  m_CorrespondingSourceObject: {fileID: 3556832186646946937, guid: 516423c9f5d59f94c9e60cac6e0200a0, type: 3}
  m_PrefabInstance: {fileID: 2997043344119937593}
  m_PrefabAsset: {fileID: 0}
--- !u!1001 &2997043344351462922
PrefabInstance:
  m_ObjectHideFlags: 0
  serializedVersion: 2
  m_Modification:
    m_TransformParent: {fileID: 2997043344677564851}
    m_Modifications:
    - target: {fileID: 3556832186646946917, guid: 516423c9f5d59f94c9e60cac6e0200a0, type: 3}
      propertyPath: m_Name
      value: MoveGuideUI (1)
      objectReference: {fileID: 0}
    - target: {fileID: 3556832186646946919, guid: 516423c9f5d59f94c9e60cac6e0200a0, type: 3}
      propertyPath: m_PresetInfoIsWorld
      value: 1
      objectReference: {fileID: 0}
    - target: {fileID: 3556832186646946937, guid: 516423c9f5d59f94c9e60cac6e0200a0, type: 3}
      propertyPath: m_Pivot.x
      value: 0.5
      objectReference: {fileID: 0}
    - target: {fileID: 3556832186646946937, guid: 516423c9f5d59f94c9e60cac6e0200a0, type: 3}
      propertyPath: m_Pivot.y
      value: 0.5
      objectReference: {fileID: 0}
    - target: {fileID: 3556832186646946937, guid: 516423c9f5d59f94c9e60cac6e0200a0, type: 3}
      propertyPath: m_RootOrder
      value: 1
      objectReference: {fileID: 0}
    - target: {fileID: 3556832186646946937, guid: 516423c9f5d59f94c9e60cac6e0200a0, type: 3}
      propertyPath: m_AnchorMax.x
      value: 0
      objectReference: {fileID: 0}
    - target: {fileID: 3556832186646946937, guid: 516423c9f5d59f94c9e60cac6e0200a0, type: 3}
      propertyPath: m_AnchorMax.y
      value: 0
      objectReference: {fileID: 0}
    - target: {fileID: 3556832186646946937, guid: 516423c9f5d59f94c9e60cac6e0200a0, type: 3}
      propertyPath: m_AnchorMin.x
      value: 0
      objectReference: {fileID: 0}
    - target: {fileID: 3556832186646946937, guid: 516423c9f5d59f94c9e60cac6e0200a0, type: 3}
      propertyPath: m_AnchorMin.y
      value: 0
      objectReference: {fileID: 0}
    - target: {fileID: 3556832186646946937, guid: 516423c9f5d59f94c9e60cac6e0200a0, type: 3}
      propertyPath: m_SizeDelta.x
      value: 10
      objectReference: {fileID: 0}
    - target: {fileID: 3556832186646946937, guid: 516423c9f5d59f94c9e60cac6e0200a0, type: 3}
      propertyPath: m_SizeDelta.y
      value: 10
      objectReference: {fileID: 0}
    - target: {fileID: 3556832186646946937, guid: 516423c9f5d59f94c9e60cac6e0200a0, type: 3}
      propertyPath: m_LocalPosition.x
      value: 0
      objectReference: {fileID: 0}
    - target: {fileID: 3556832186646946937, guid: 516423c9f5d59f94c9e60cac6e0200a0, type: 3}
      propertyPath: m_LocalPosition.y
      value: 0
      objectReference: {fileID: 0}
    - target: {fileID: 3556832186646946937, guid: 516423c9f5d59f94c9e60cac6e0200a0, type: 3}
      propertyPath: m_LocalPosition.z
      value: 0
      objectReference: {fileID: 0}
    - target: {fileID: 3556832186646946937, guid: 516423c9f5d59f94c9e60cac6e0200a0, type: 3}
      propertyPath: m_LocalRotation.w
      value: 1
      objectReference: {fileID: 0}
    - target: {fileID: 3556832186646946937, guid: 516423c9f5d59f94c9e60cac6e0200a0, type: 3}
      propertyPath: m_LocalRotation.x
      value: -0
      objectReference: {fileID: 0}
    - target: {fileID: 3556832186646946937, guid: 516423c9f5d59f94c9e60cac6e0200a0, type: 3}
      propertyPath: m_LocalRotation.y
      value: -0
      objectReference: {fileID: 0}
    - target: {fileID: 3556832186646946937, guid: 516423c9f5d59f94c9e60cac6e0200a0, type: 3}
      propertyPath: m_LocalRotation.z
      value: -0
      objectReference: {fileID: 0}
    - target: {fileID: 3556832186646946937, guid: 516423c9f5d59f94c9e60cac6e0200a0, type: 3}
      propertyPath: m_AnchoredPosition.x
      value: 162.8
      objectReference: {fileID: 0}
    - target: {fileID: 3556832186646946937, guid: 516423c9f5d59f94c9e60cac6e0200a0, type: 3}
      propertyPath: m_AnchoredPosition.y
      value: 35.799995
      objectReference: {fileID: 0}
    - target: {fileID: 3556832186646946937, guid: 516423c9f5d59f94c9e60cac6e0200a0, type: 3}
      propertyPath: m_LocalEulerAnglesHint.x
      value: 0
      objectReference: {fileID: 0}
    - target: {fileID: 3556832186646946937, guid: 516423c9f5d59f94c9e60cac6e0200a0, type: 3}
      propertyPath: m_LocalEulerAnglesHint.y
      value: 0
      objectReference: {fileID: 0}
    - target: {fileID: 3556832186646946937, guid: 516423c9f5d59f94c9e60cac6e0200a0, type: 3}
      propertyPath: m_LocalEulerAnglesHint.z
      value: 0
      objectReference: {fileID: 0}
    - target: {fileID: 5585609219511239256, guid: 516423c9f5d59f94c9e60cac6e0200a0, type: 3}
      propertyPath: trackedObject
      value: 
      objectReference: {fileID: 0}
    m_RemovedComponents: []
  m_SourcePrefab: {fileID: 100100000, guid: 516423c9f5d59f94c9e60cac6e0200a0, type: 3}
--- !u!224 &1786744936264163955 stripped
RectTransform:
  m_CorrespondingSourceObject: {fileID: 3556832186646946937, guid: 516423c9f5d59f94c9e60cac6e0200a0, type: 3}
  m_PrefabInstance: {fileID: 2997043344351462922}
  m_PrefabAsset: {fileID: 0}
--- !u!1001 &2997043344421956304
PrefabInstance:
  m_ObjectHideFlags: 0
  serializedVersion: 2
  m_Modification:
    m_TransformParent: {fileID: 2997043344677564851}
    m_Modifications:
    - target: {fileID: 3556832186646946917, guid: 516423c9f5d59f94c9e60cac6e0200a0, type: 3}
      propertyPath: m_Name
      value: MoveGuideUI (2)
      objectReference: {fileID: 0}
    - target: {fileID: 3556832186646946919, guid: 516423c9f5d59f94c9e60cac6e0200a0, type: 3}
      propertyPath: m_PresetInfoIsWorld
      value: 1
      objectReference: {fileID: 0}
    - target: {fileID: 3556832186646946937, guid: 516423c9f5d59f94c9e60cac6e0200a0, type: 3}
      propertyPath: m_Pivot.x
      value: 0.5
      objectReference: {fileID: 0}
    - target: {fileID: 3556832186646946937, guid: 516423c9f5d59f94c9e60cac6e0200a0, type: 3}
      propertyPath: m_Pivot.y
      value: 0.5
      objectReference: {fileID: 0}
    - target: {fileID: 3556832186646946937, guid: 516423c9f5d59f94c9e60cac6e0200a0, type: 3}
      propertyPath: m_RootOrder
      value: 2
      objectReference: {fileID: 0}
    - target: {fileID: 3556832186646946937, guid: 516423c9f5d59f94c9e60cac6e0200a0, type: 3}
      propertyPath: m_AnchorMax.x
      value: 0
      objectReference: {fileID: 0}
    - target: {fileID: 3556832186646946937, guid: 516423c9f5d59f94c9e60cac6e0200a0, type: 3}
      propertyPath: m_AnchorMax.y
      value: 0
      objectReference: {fileID: 0}
    - target: {fileID: 3556832186646946937, guid: 516423c9f5d59f94c9e60cac6e0200a0, type: 3}
      propertyPath: m_AnchorMin.x
      value: 0
      objectReference: {fileID: 0}
    - target: {fileID: 3556832186646946937, guid: 516423c9f5d59f94c9e60cac6e0200a0, type: 3}
      propertyPath: m_AnchorMin.y
      value: 0
      objectReference: {fileID: 0}
    - target: {fileID: 3556832186646946937, guid: 516423c9f5d59f94c9e60cac6e0200a0, type: 3}
      propertyPath: m_SizeDelta.x
      value: 10
      objectReference: {fileID: 0}
    - target: {fileID: 3556832186646946937, guid: 516423c9f5d59f94c9e60cac6e0200a0, type: 3}
      propertyPath: m_SizeDelta.y
      value: 10
      objectReference: {fileID: 0}
    - target: {fileID: 3556832186646946937, guid: 516423c9f5d59f94c9e60cac6e0200a0, type: 3}
      propertyPath: m_LocalPosition.x
      value: 0
      objectReference: {fileID: 0}
    - target: {fileID: 3556832186646946937, guid: 516423c9f5d59f94c9e60cac6e0200a0, type: 3}
      propertyPath: m_LocalPosition.y
      value: 0
      objectReference: {fileID: 0}
    - target: {fileID: 3556832186646946937, guid: 516423c9f5d59f94c9e60cac6e0200a0, type: 3}
      propertyPath: m_LocalPosition.z
      value: 0
      objectReference: {fileID: 0}
    - target: {fileID: 3556832186646946937, guid: 516423c9f5d59f94c9e60cac6e0200a0, type: 3}
      propertyPath: m_LocalRotation.w
      value: 1
      objectReference: {fileID: 0}
    - target: {fileID: 3556832186646946937, guid: 516423c9f5d59f94c9e60cac6e0200a0, type: 3}
      propertyPath: m_LocalRotation.x
      value: -0
      objectReference: {fileID: 0}
    - target: {fileID: 3556832186646946937, guid: 516423c9f5d59f94c9e60cac6e0200a0, type: 3}
      propertyPath: m_LocalRotation.y
      value: -0
      objectReference: {fileID: 0}
    - target: {fileID: 3556832186646946937, guid: 516423c9f5d59f94c9e60cac6e0200a0, type: 3}
      propertyPath: m_LocalRotation.z
      value: -0
      objectReference: {fileID: 0}
    - target: {fileID: 3556832186646946937, guid: 516423c9f5d59f94c9e60cac6e0200a0, type: 3}
      propertyPath: m_AnchoredPosition.x
      value: 162.8
      objectReference: {fileID: 0}
    - target: {fileID: 3556832186646946937, guid: 516423c9f5d59f94c9e60cac6e0200a0, type: 3}
      propertyPath: m_AnchoredPosition.y
      value: 35.799995
      objectReference: {fileID: 0}
    - target: {fileID: 3556832186646946937, guid: 516423c9f5d59f94c9e60cac6e0200a0, type: 3}
      propertyPath: m_LocalEulerAnglesHint.x
      value: 0
      objectReference: {fileID: 0}
    - target: {fileID: 3556832186646946937, guid: 516423c9f5d59f94c9e60cac6e0200a0, type: 3}
      propertyPath: m_LocalEulerAnglesHint.y
      value: 0
      objectReference: {fileID: 0}
    - target: {fileID: 3556832186646946937, guid: 516423c9f5d59f94c9e60cac6e0200a0, type: 3}
      propertyPath: m_LocalEulerAnglesHint.z
      value: 0
      objectReference: {fileID: 0}
    - target: {fileID: 5585609219511239256, guid: 516423c9f5d59f94c9e60cac6e0200a0, type: 3}
      propertyPath: trackedObject
      value: 
      objectReference: {fileID: 0}
    m_RemovedComponents: []
  m_SourcePrefab: {fileID: 100100000, guid: 516423c9f5d59f94c9e60cac6e0200a0, type: 3}
--- !u!224 &1786744936335167145 stripped
RectTransform:
  m_CorrespondingSourceObject: {fileID: 3556832186646946937, guid: 516423c9f5d59f94c9e60cac6e0200a0, type: 3}
  m_PrefabInstance: {fileID: 2997043344421956304}
  m_PrefabAsset: {fileID: 0}
--- !u!1001 &2997043344429523456
PrefabInstance:
  m_ObjectHideFlags: 0
  serializedVersion: 2
  m_Modification:
    m_TransformParent: {fileID: 2997043344677564851}
    m_Modifications:
    - target: {fileID: 3556832186646946917, guid: 516423c9f5d59f94c9e60cac6e0200a0, type: 3}
      propertyPath: m_Name
      value: MoveGuideUI (6)
      objectReference: {fileID: 0}
    - target: {fileID: 3556832186646946919, guid: 516423c9f5d59f94c9e60cac6e0200a0, type: 3}
      propertyPath: m_PresetInfoIsWorld
      value: 1
      objectReference: {fileID: 0}
    - target: {fileID: 3556832186646946937, guid: 516423c9f5d59f94c9e60cac6e0200a0, type: 3}
      propertyPath: m_Pivot.x
      value: 0.5
      objectReference: {fileID: 0}
    - target: {fileID: 3556832186646946937, guid: 516423c9f5d59f94c9e60cac6e0200a0, type: 3}
      propertyPath: m_Pivot.y
      value: 0.5
      objectReference: {fileID: 0}
    - target: {fileID: 3556832186646946937, guid: 516423c9f5d59f94c9e60cac6e0200a0, type: 3}
      propertyPath: m_RootOrder
      value: 5
      objectReference: {fileID: 0}
    - target: {fileID: 3556832186646946937, guid: 516423c9f5d59f94c9e60cac6e0200a0, type: 3}
      propertyPath: m_AnchorMax.x
      value: 0
      objectReference: {fileID: 0}
    - target: {fileID: 3556832186646946937, guid: 516423c9f5d59f94c9e60cac6e0200a0, type: 3}
      propertyPath: m_AnchorMax.y
      value: 0
      objectReference: {fileID: 0}
    - target: {fileID: 3556832186646946937, guid: 516423c9f5d59f94c9e60cac6e0200a0, type: 3}
      propertyPath: m_AnchorMin.x
      value: 0
      objectReference: {fileID: 0}
    - target: {fileID: 3556832186646946937, guid: 516423c9f5d59f94c9e60cac6e0200a0, type: 3}
      propertyPath: m_AnchorMin.y
      value: 0
      objectReference: {fileID: 0}
    - target: {fileID: 3556832186646946937, guid: 516423c9f5d59f94c9e60cac6e0200a0, type: 3}
      propertyPath: m_SizeDelta.x
      value: 10
      objectReference: {fileID: 0}
    - target: {fileID: 3556832186646946937, guid: 516423c9f5d59f94c9e60cac6e0200a0, type: 3}
      propertyPath: m_SizeDelta.y
      value: 10
      objectReference: {fileID: 0}
    - target: {fileID: 3556832186646946937, guid: 516423c9f5d59f94c9e60cac6e0200a0, type: 3}
      propertyPath: m_LocalPosition.x
      value: 0
      objectReference: {fileID: 0}
    - target: {fileID: 3556832186646946937, guid: 516423c9f5d59f94c9e60cac6e0200a0, type: 3}
      propertyPath: m_LocalPosition.y
      value: 0
      objectReference: {fileID: 0}
    - target: {fileID: 3556832186646946937, guid: 516423c9f5d59f94c9e60cac6e0200a0, type: 3}
      propertyPath: m_LocalPosition.z
      value: 0
      objectReference: {fileID: 0}
    - target: {fileID: 3556832186646946937, guid: 516423c9f5d59f94c9e60cac6e0200a0, type: 3}
      propertyPath: m_LocalRotation.w
      value: 1
      objectReference: {fileID: 0}
    - target: {fileID: 3556832186646946937, guid: 516423c9f5d59f94c9e60cac6e0200a0, type: 3}
      propertyPath: m_LocalRotation.x
      value: -0
      objectReference: {fileID: 0}
    - target: {fileID: 3556832186646946937, guid: 516423c9f5d59f94c9e60cac6e0200a0, type: 3}
      propertyPath: m_LocalRotation.y
      value: -0
      objectReference: {fileID: 0}
    - target: {fileID: 3556832186646946937, guid: 516423c9f5d59f94c9e60cac6e0200a0, type: 3}
      propertyPath: m_LocalRotation.z
      value: -0
      objectReference: {fileID: 0}
    - target: {fileID: 3556832186646946937, guid: 516423c9f5d59f94c9e60cac6e0200a0, type: 3}
      propertyPath: m_AnchoredPosition.x
      value: 162.8
      objectReference: {fileID: 0}
    - target: {fileID: 3556832186646946937, guid: 516423c9f5d59f94c9e60cac6e0200a0, type: 3}
      propertyPath: m_AnchoredPosition.y
      value: 35.799995
      objectReference: {fileID: 0}
    - target: {fileID: 3556832186646946937, guid: 516423c9f5d59f94c9e60cac6e0200a0, type: 3}
      propertyPath: m_LocalEulerAnglesHint.x
      value: 0
      objectReference: {fileID: 0}
    - target: {fileID: 3556832186646946937, guid: 516423c9f5d59f94c9e60cac6e0200a0, type: 3}
      propertyPath: m_LocalEulerAnglesHint.y
      value: 0
      objectReference: {fileID: 0}
    - target: {fileID: 3556832186646946937, guid: 516423c9f5d59f94c9e60cac6e0200a0, type: 3}
      propertyPath: m_LocalEulerAnglesHint.z
      value: 0
      objectReference: {fileID: 0}
    - target: {fileID: 5585609219511239256, guid: 516423c9f5d59f94c9e60cac6e0200a0, type: 3}
      propertyPath: trackedObject
      value: 
      objectReference: {fileID: 0}
    m_RemovedComponents: []
  m_SourcePrefab: {fileID: 100100000, guid: 516423c9f5d59f94c9e60cac6e0200a0, type: 3}
--- !u!224 &1786744936359511673 stripped
RectTransform:
  m_CorrespondingSourceObject: {fileID: 3556832186646946937, guid: 516423c9f5d59f94c9e60cac6e0200a0, type: 3}
  m_PrefabInstance: {fileID: 2997043344429523456}
  m_PrefabAsset: {fileID: 0}
--- !u!1001 &2997043344539012869
PrefabInstance:
  m_ObjectHideFlags: 0
  serializedVersion: 2
  m_Modification:
    m_TransformParent: {fileID: 2997043344677564851}
    m_Modifications:
    - target: {fileID: 3556832186646946917, guid: 516423c9f5d59f94c9e60cac6e0200a0, type: 3}
      propertyPath: m_Name
      value: MoveGuideUI (5)
      objectReference: {fileID: 0}
    - target: {fileID: 3556832186646946919, guid: 516423c9f5d59f94c9e60cac6e0200a0, type: 3}
      propertyPath: m_PresetInfoIsWorld
      value: 1
      objectReference: {fileID: 0}
    - target: {fileID: 3556832186646946937, guid: 516423c9f5d59f94c9e60cac6e0200a0, type: 3}
      propertyPath: m_Pivot.x
      value: 0.5
      objectReference: {fileID: 0}
    - target: {fileID: 3556832186646946937, guid: 516423c9f5d59f94c9e60cac6e0200a0, type: 3}
      propertyPath: m_Pivot.y
      value: 0.5
      objectReference: {fileID: 0}
    - target: {fileID: 3556832186646946937, guid: 516423c9f5d59f94c9e60cac6e0200a0, type: 3}
      propertyPath: m_RootOrder
      value: 4
      objectReference: {fileID: 0}
    - target: {fileID: 3556832186646946937, guid: 516423c9f5d59f94c9e60cac6e0200a0, type: 3}
      propertyPath: m_AnchorMax.x
      value: 0
      objectReference: {fileID: 0}
    - target: {fileID: 3556832186646946937, guid: 516423c9f5d59f94c9e60cac6e0200a0, type: 3}
      propertyPath: m_AnchorMax.y
      value: 0
      objectReference: {fileID: 0}
    - target: {fileID: 3556832186646946937, guid: 516423c9f5d59f94c9e60cac6e0200a0, type: 3}
      propertyPath: m_AnchorMin.x
      value: 0
      objectReference: {fileID: 0}
    - target: {fileID: 3556832186646946937, guid: 516423c9f5d59f94c9e60cac6e0200a0, type: 3}
      propertyPath: m_AnchorMin.y
      value: 0
      objectReference: {fileID: 0}
    - target: {fileID: 3556832186646946937, guid: 516423c9f5d59f94c9e60cac6e0200a0, type: 3}
      propertyPath: m_SizeDelta.x
      value: 10
      objectReference: {fileID: 0}
    - target: {fileID: 3556832186646946937, guid: 516423c9f5d59f94c9e60cac6e0200a0, type: 3}
      propertyPath: m_SizeDelta.y
      value: 10
      objectReference: {fileID: 0}
    - target: {fileID: 3556832186646946937, guid: 516423c9f5d59f94c9e60cac6e0200a0, type: 3}
      propertyPath: m_LocalPosition.x
      value: 0
      objectReference: {fileID: 0}
    - target: {fileID: 3556832186646946937, guid: 516423c9f5d59f94c9e60cac6e0200a0, type: 3}
      propertyPath: m_LocalPosition.y
      value: 0
      objectReference: {fileID: 0}
    - target: {fileID: 3556832186646946937, guid: 516423c9f5d59f94c9e60cac6e0200a0, type: 3}
      propertyPath: m_LocalPosition.z
      value: 0
      objectReference: {fileID: 0}
    - target: {fileID: 3556832186646946937, guid: 516423c9f5d59f94c9e60cac6e0200a0, type: 3}
      propertyPath: m_LocalRotation.w
      value: 1
      objectReference: {fileID: 0}
    - target: {fileID: 3556832186646946937, guid: 516423c9f5d59f94c9e60cac6e0200a0, type: 3}
      propertyPath: m_LocalRotation.x
      value: -0
      objectReference: {fileID: 0}
    - target: {fileID: 3556832186646946937, guid: 516423c9f5d59f94c9e60cac6e0200a0, type: 3}
      propertyPath: m_LocalRotation.y
      value: -0
      objectReference: {fileID: 0}
    - target: {fileID: 3556832186646946937, guid: 516423c9f5d59f94c9e60cac6e0200a0, type: 3}
      propertyPath: m_LocalRotation.z
      value: -0
      objectReference: {fileID: 0}
    - target: {fileID: 3556832186646946937, guid: 516423c9f5d59f94c9e60cac6e0200a0, type: 3}
      propertyPath: m_AnchoredPosition.x
      value: 162.8
      objectReference: {fileID: 0}
    - target: {fileID: 3556832186646946937, guid: 516423c9f5d59f94c9e60cac6e0200a0, type: 3}
      propertyPath: m_AnchoredPosition.y
      value: 35.799995
      objectReference: {fileID: 0}
    - target: {fileID: 3556832186646946937, guid: 516423c9f5d59f94c9e60cac6e0200a0, type: 3}
      propertyPath: m_LocalEulerAnglesHint.x
      value: 0
      objectReference: {fileID: 0}
    - target: {fileID: 3556832186646946937, guid: 516423c9f5d59f94c9e60cac6e0200a0, type: 3}
      propertyPath: m_LocalEulerAnglesHint.y
      value: 0
      objectReference: {fileID: 0}
    - target: {fileID: 3556832186646946937, guid: 516423c9f5d59f94c9e60cac6e0200a0, type: 3}
      propertyPath: m_LocalEulerAnglesHint.z
      value: 0
      objectReference: {fileID: 0}
    - target: {fileID: 5585609219511239256, guid: 516423c9f5d59f94c9e60cac6e0200a0, type: 3}
      propertyPath: trackedObject
      value: 
      objectReference: {fileID: 0}
    m_RemovedComponents: []
  m_SourcePrefab: {fileID: 100100000, guid: 516423c9f5d59f94c9e60cac6e0200a0, type: 3}
--- !u!224 &1786744936385096572 stripped
RectTransform:
  m_CorrespondingSourceObject: {fileID: 3556832186646946937, guid: 516423c9f5d59f94c9e60cac6e0200a0, type: 3}
  m_PrefabInstance: {fileID: 2997043344539012869}
  m_PrefabAsset: {fileID: 0}
--- !u!1001 &8827330583885193242
PrefabInstance:
  m_ObjectHideFlags: 0
  serializedVersion: 2
  m_Modification:
    m_TransformParent: {fileID: 2997043344677564851}
    m_Modifications:
    - target: {fileID: 3556832186646946917, guid: 516423c9f5d59f94c9e60cac6e0200a0, type: 3}
      propertyPath: m_Name
      value: MoveGuideUI (8)
      objectReference: {fileID: 0}
    - target: {fileID: 3556832186646946919, guid: 516423c9f5d59f94c9e60cac6e0200a0, type: 3}
      propertyPath: m_PresetInfoIsWorld
      value: 1
      objectReference: {fileID: 0}
    - target: {fileID: 3556832186646946937, guid: 516423c9f5d59f94c9e60cac6e0200a0, type: 3}
      propertyPath: m_Pivot.x
      value: 0.5
      objectReference: {fileID: 0}
    - target: {fileID: 3556832186646946937, guid: 516423c9f5d59f94c9e60cac6e0200a0, type: 3}
      propertyPath: m_Pivot.y
      value: 0.5
      objectReference: {fileID: 0}
    - target: {fileID: 3556832186646946937, guid: 516423c9f5d59f94c9e60cac6e0200a0, type: 3}
      propertyPath: m_RootOrder
      value: 7
      objectReference: {fileID: 0}
    - target: {fileID: 3556832186646946937, guid: 516423c9f5d59f94c9e60cac6e0200a0, type: 3}
      propertyPath: m_AnchorMax.x
      value: 0
      objectReference: {fileID: 0}
    - target: {fileID: 3556832186646946937, guid: 516423c9f5d59f94c9e60cac6e0200a0, type: 3}
      propertyPath: m_AnchorMax.y
      value: 0
      objectReference: {fileID: 0}
    - target: {fileID: 3556832186646946937, guid: 516423c9f5d59f94c9e60cac6e0200a0, type: 3}
      propertyPath: m_AnchorMin.x
      value: 0
      objectReference: {fileID: 0}
    - target: {fileID: 3556832186646946937, guid: 516423c9f5d59f94c9e60cac6e0200a0, type: 3}
      propertyPath: m_AnchorMin.y
      value: 0
      objectReference: {fileID: 0}
    - target: {fileID: 3556832186646946937, guid: 516423c9f5d59f94c9e60cac6e0200a0, type: 3}
      propertyPath: m_SizeDelta.x
      value: 10
      objectReference: {fileID: 0}
    - target: {fileID: 3556832186646946937, guid: 516423c9f5d59f94c9e60cac6e0200a0, type: 3}
      propertyPath: m_SizeDelta.y
      value: 10
      objectReference: {fileID: 0}
    - target: {fileID: 3556832186646946937, guid: 516423c9f5d59f94c9e60cac6e0200a0, type: 3}
      propertyPath: m_LocalPosition.x
      value: 0
      objectReference: {fileID: 0}
    - target: {fileID: 3556832186646946937, guid: 516423c9f5d59f94c9e60cac6e0200a0, type: 3}
      propertyPath: m_LocalPosition.y
      value: 0
      objectReference: {fileID: 0}
    - target: {fileID: 3556832186646946937, guid: 516423c9f5d59f94c9e60cac6e0200a0, type: 3}
      propertyPath: m_LocalPosition.z
      value: 0
      objectReference: {fileID: 0}
    - target: {fileID: 3556832186646946937, guid: 516423c9f5d59f94c9e60cac6e0200a0, type: 3}
      propertyPath: m_LocalRotation.w
      value: 1
      objectReference: {fileID: 0}
    - target: {fileID: 3556832186646946937, guid: 516423c9f5d59f94c9e60cac6e0200a0, type: 3}
      propertyPath: m_LocalRotation.x
      value: -0
      objectReference: {fileID: 0}
    - target: {fileID: 3556832186646946937, guid: 516423c9f5d59f94c9e60cac6e0200a0, type: 3}
      propertyPath: m_LocalRotation.y
      value: -0
      objectReference: {fileID: 0}
    - target: {fileID: 3556832186646946937, guid: 516423c9f5d59f94c9e60cac6e0200a0, type: 3}
      propertyPath: m_LocalRotation.z
      value: -0
      objectReference: {fileID: 0}
    - target: {fileID: 3556832186646946937, guid: 516423c9f5d59f94c9e60cac6e0200a0, type: 3}
      propertyPath: m_AnchoredPosition.x
      value: 162.8
      objectReference: {fileID: 0}
    - target: {fileID: 3556832186646946937, guid: 516423c9f5d59f94c9e60cac6e0200a0, type: 3}
      propertyPath: m_AnchoredPosition.y
      value: 35.799995
      objectReference: {fileID: 0}
    - target: {fileID: 3556832186646946937, guid: 516423c9f5d59f94c9e60cac6e0200a0, type: 3}
      propertyPath: m_LocalEulerAnglesHint.x
      value: 0
      objectReference: {fileID: 0}
    - target: {fileID: 3556832186646946937, guid: 516423c9f5d59f94c9e60cac6e0200a0, type: 3}
      propertyPath: m_LocalEulerAnglesHint.y
      value: 0
      objectReference: {fileID: 0}
    - target: {fileID: 3556832186646946937, guid: 516423c9f5d59f94c9e60cac6e0200a0, type: 3}
      propertyPath: m_LocalEulerAnglesHint.z
      value: 0
      objectReference: {fileID: 0}
    - target: {fileID: 5585609219511239256, guid: 516423c9f5d59f94c9e60cac6e0200a0, type: 3}
      propertyPath: margin.x
      value: 100
      objectReference: {fileID: 0}
    - target: {fileID: 5585609219511239256, guid: 516423c9f5d59f94c9e60cac6e0200a0, type: 3}
      propertyPath: margin.y
      value: 100
      objectReference: {fileID: 0}
    - target: {fileID: 5585609219511239256, guid: 516423c9f5d59f94c9e60cac6e0200a0, type: 3}
      propertyPath: trackedObject
      value: 
      objectReference: {fileID: 0}
    m_RemovedComponents: []
  m_SourcePrefab: {fileID: 100100000, guid: 516423c9f5d59f94c9e60cac6e0200a0, type: 3}
--- !u!224 &5466405001447294051 stripped
RectTransform:
  m_CorrespondingSourceObject: {fileID: 3556832186646946937, guid: 516423c9f5d59f94c9e60cac6e0200a0, type: 3}
  m_PrefabInstance: {fileID: 8827330583885193242}
  m_PrefabAsset: {fileID: 0}
