%YAML 1.1
%TAG !u! tag:unity3d.com,2011:
--- !u!1 &1059925462509584517
GameObject:
  m_ObjectHideFlags: 0
  m_CorrespondingSourceObject: {fileID: 0}
  m_PrefabInstance: {fileID: 0}
  m_PrefabAsset: {fileID: 0}
  serializedVersion: 6
  m_Component:
  - component: {fileID: 6523932162806081958}
  - component: {fileID: 4376953257258513014}
  - component: {fileID: 3905319819561907350}
  - component: {fileID: 1138024621549265552}
  m_Layer: 5
  m_Name: BrackOutImage
  m_TagString: Untagged
  m_Icon: {fileID: 0}
  m_NavMeshLayer: 0
  m_StaticEditorFlags: 0
  m_IsActive: 1
--- !u!224 &6523932162806081958
RectTransform:
  m_ObjectHideFlags: 0
  m_CorrespondingSourceObject: {fileID: 0}
  m_PrefabInstance: {fileID: 0}
  m_PrefabAsset: {fileID: 0}
  m_GameObject: {fileID: 1059925462509584517}
  m_LocalRotation: {x: 0, y: 0, z: 0, w: 1}
  m_LocalPosition: {x: 0, y: 0, z: 0}
  m_LocalScale: {x: 1, y: 1, z: 1}
  m_ConstrainProportionsScale: 0
  m_Children: []
  m_Father: {fileID: 8649845306703653634}
  m_RootOrder: 0
  m_LocalEulerAnglesHint: {x: 0, y: 0, z: 0}
  m_AnchorMin: {x: 0, y: 0}
  m_AnchorMax: {x: 1, y: 1}
  m_AnchoredPosition: {x: 0, y: 0}
  m_SizeDelta: {x: 0, y: 0}
  m_Pivot: {x: 0.5, y: 0.5}
--- !u!222 &4376953257258513014
CanvasRenderer:
  m_ObjectHideFlags: 0
  m_CorrespondingSourceObject: {fileID: 0}
  m_PrefabInstance: {fileID: 0}
  m_PrefabAsset: {fileID: 0}
  m_GameObject: {fileID: 1059925462509584517}
  m_CullTransparentMesh: 1
--- !u!114 &3905319819561907350
MonoBehaviour:
  m_ObjectHideFlags: 0
  m_CorrespondingSourceObject: {fileID: 0}
  m_PrefabInstance: {fileID: 0}
  m_PrefabAsset: {fileID: 0}
  m_GameObject: {fileID: 1059925462509584517}
  m_Enabled: 1
  m_EditorHideFlags: 0
  m_Script: {fileID: 11500000, guid: fe87c0e1cc204ed48ad3b37840f39efc, type: 3}
  m_Name: 
  m_EditorClassIdentifier: 
  m_Material: {fileID: 0}
  m_Color: {r: 0, g: 0, b: 0, a: 0}
  m_RaycastTarget: 1
  m_RaycastPadding: {x: 0, y: 0, z: 0, w: 0}
  m_Maskable: 1
  m_OnCullStateChanged:
    m_PersistentCalls:
      m_Calls: []
  m_Sprite: {fileID: 0}
  m_Type: 0
  m_PreserveAspect: 0
  m_FillCenter: 1
  m_FillMethod: 4
  m_FillAmount: 1
  m_FillClockwise: 1
  m_FillOrigin: 0
  m_UseSpriteMesh: 0
  m_PixelsPerUnitMultiplier: 1
--- !u!114 &1138024621549265552
MonoBehaviour:
  m_ObjectHideFlags: 0
  m_CorrespondingSourceObject: {fileID: 0}
  m_PrefabInstance: {fileID: 0}
  m_PrefabAsset: {fileID: 0}
  m_GameObject: {fileID: 1059925462509584517}
  m_Enabled: 1
  m_EditorHideFlags: 0
  m_Script: {fileID: 11500000, guid: d3ede7a3e3d11754eb9080360bd28cc2, type: 3}
  m_Name: 
  m_EditorClassIdentifier: 
  image: {fileID: 0}
  brackToWhiteSpeed: 0.01
  whiteToBrackSpeed: 0.009
  alpha: 0
  actionBrackOut: 0
--- !u!1 &2449600401163018619
GameObject:
  m_ObjectHideFlags: 0
  m_CorrespondingSourceObject: {fileID: 0}
  m_PrefabInstance: {fileID: 0}
  m_PrefabAsset: {fileID: 0}
  serializedVersion: 6
  m_Component:
  - component: {fileID: 2449600401163018616}
  - component: {fileID: 2449600401163018617}
  - component: {fileID: 1190560298}
  m_Layer: 0
  m_Name: EventSystem
  m_TagString: Untagged
  m_Icon: {fileID: 0}
  m_NavMeshLayer: 0
  m_StaticEditorFlags: 0
  m_IsActive: 1
--- !u!4 &2449600401163018616
Transform:
  m_ObjectHideFlags: 0
  m_CorrespondingSourceObject: {fileID: 0}
  m_PrefabInstance: {fileID: 0}
  m_PrefabAsset: {fileID: 0}
  m_GameObject: {fileID: 2449600401163018619}
  m_LocalRotation: {x: -0, y: -0, z: -0, w: 1}
  m_LocalPosition: {x: -100, y: -25, z: 0}
  m_LocalScale: {x: 1, y: 1, z: 1}
  m_ConstrainProportionsScale: 0
  m_Children: []
  m_Father: {fileID: 2449600401893499807}
  m_RootOrder: 0
  m_LocalEulerAnglesHint: {x: 0, y: 0, z: 0}
--- !u!114 &2449600401163018617
MonoBehaviour:
  m_ObjectHideFlags: 0
  m_CorrespondingSourceObject: {fileID: 0}
  m_PrefabInstance: {fileID: 0}
  m_PrefabAsset: {fileID: 0}
  m_GameObject: {fileID: 2449600401163018619}
  m_Enabled: 1
  m_EditorHideFlags: 0
  m_Script: {fileID: 11500000, guid: 76c392e42b5098c458856cdf6ecaaaa1, type: 3}
  m_Name: 
  m_EditorClassIdentifier: 
  m_FirstSelected: {fileID: 0}
  m_sendNavigationEvents: 1
  m_DragThreshold: 10
--- !u!114 &1190560298
MonoBehaviour:
  m_ObjectHideFlags: 0
  m_CorrespondingSourceObject: {fileID: 0}
  m_PrefabInstance: {fileID: 0}
  m_PrefabAsset: {fileID: 0}
  m_GameObject: {fileID: 2449600401163018619}
  m_Enabled: 1
  m_EditorHideFlags: 0
  m_Script: {fileID: 11500000, guid: 01614664b831546d2ae94a42149d80ac, type: 3}
  m_Name: 
  m_EditorClassIdentifier: 
  m_MoveRepeatDelay: 0.5
  m_MoveRepeatRate: 0.1
  m_XRTrackingOrigin: {fileID: 0}
  m_ActionsAsset: {fileID: -944628639613478452, guid: 40c65a96b3514d440adccb93f5b3371a, type: 3}
  m_PointAction: {fileID: 1298303573879719099, guid: 40c65a96b3514d440adccb93f5b3371a, type: 3}
  m_MoveAction: {fileID: -664232863661658263, guid: 40c65a96b3514d440adccb93f5b3371a, type: 3}
  m_SubmitAction: {fileID: -5251370180584573017, guid: 40c65a96b3514d440adccb93f5b3371a, type: 3}
  m_CancelAction: {fileID: 5332869225384192264, guid: 40c65a96b3514d440adccb93f5b3371a, type: 3}
  m_LeftClickAction: {fileID: -3548711715210844433, guid: 40c65a96b3514d440adccb93f5b3371a, type: 3}
  m_MiddleClickAction: {fileID: 886141197738289160, guid: 40c65a96b3514d440adccb93f5b3371a, type: 3}
  m_RightClickAction: {fileID: -2947389934800711241, guid: 40c65a96b3514d440adccb93f5b3371a, type: 3}
  m_ScrollWheelAction: {fileID: 1950821617703951795, guid: 40c65a96b3514d440adccb93f5b3371a, type: 3}
  m_TrackedDevicePositionAction: {fileID: -1855338284196413619, guid: 40c65a96b3514d440adccb93f5b3371a, type: 3}
  m_TrackedDeviceOrientationAction: {fileID: 2832554220267841822, guid: 40c65a96b3514d440adccb93f5b3371a, type: 3}
  m_DeselectOnBackgroundClick: 1
  m_PointerBehavior: 0
--- !u!1 &2449600401893499808
GameObject:
  m_ObjectHideFlags: 0
  m_CorrespondingSourceObject: {fileID: 0}
  m_PrefabInstance: {fileID: 0}
  m_PrefabAsset: {fileID: 0}
  serializedVersion: 6
  m_Component:
  - component: {fileID: 2449600401893499807}
  m_Layer: 0
  m_Name: Main_UI
  m_TagString: Untagged
  m_Icon: {fileID: 0}
  m_NavMeshLayer: 0
  m_StaticEditorFlags: 0
  m_IsActive: 1
--- !u!4 &2449600401893499807
Transform:
  m_ObjectHideFlags: 0
  m_CorrespondingSourceObject: {fileID: 0}
  m_PrefabInstance: {fileID: 0}
  m_PrefabAsset: {fileID: 0}
  m_GameObject: {fileID: 2449600401893499808}
  m_LocalRotation: {x: 0, y: 0, z: 0, w: 1}
  m_LocalPosition: {x: 0, y: 0, z: 0}
  m_LocalScale: {x: 1, y: 1, z: 1}
  m_ConstrainProportionsScale: 0
  m_Children:
  - {fileID: 2449600401163018616}
  - {fileID: 5742208119796871188}
  - {fileID: 6964428477646240837}
  - {fileID: 1407099841702861935}
  - {fileID: 8649845306703653634}
  - {fileID: 1220038673}
  - {fileID: 2580244629676247812}
  m_Father: {fileID: 0}
  m_RootOrder: 0
  m_LocalEulerAnglesHint: {x: 0, y: 0, z: 0}
--- !u!1 &2573265106398413047
GameObject:
  m_ObjectHideFlags: 0
  m_CorrespondingSourceObject: {fileID: 0}
  m_PrefabInstance: {fileID: 0}
  m_PrefabAsset: {fileID: 0}
  serializedVersion: 6
  m_Component:
  - component: {fileID: 8649845306703653634}
  - component: {fileID: 6310748931287491594}
  - component: {fileID: 3986778923116278045}
  - component: {fileID: 3744752511821306768}
  m_Layer: 5
  m_Name: Canvas
  m_TagString: Untagged
  m_Icon: {fileID: 0}
  m_NavMeshLayer: 0
  m_StaticEditorFlags: 0
  m_IsActive: 1
--- !u!224 &8649845306703653634
RectTransform:
  m_ObjectHideFlags: 0
  m_CorrespondingSourceObject: {fileID: 0}
  m_PrefabInstance: {fileID: 0}
  m_PrefabAsset: {fileID: 0}
  m_GameObject: {fileID: 2573265106398413047}
  m_LocalRotation: {x: 0, y: 0, z: 0, w: 1}
  m_LocalPosition: {x: 0, y: 0, z: 0}
  m_LocalScale: {x: 0, y: 0, z: 0}
  m_ConstrainProportionsScale: 0
  m_Children:
  - {fileID: 6523932162806081958}
  m_Father: {fileID: 2449600401893499807}
  m_RootOrder: 4
  m_LocalEulerAnglesHint: {x: 0, y: 0, z: 0}
  m_AnchorMin: {x: 0, y: 0}
  m_AnchorMax: {x: 0, y: 0}
  m_AnchoredPosition: {x: 0, y: 0}
  m_SizeDelta: {x: 0, y: 0}
  m_Pivot: {x: 0, y: 0}
--- !u!223 &6310748931287491594
Canvas:
  m_ObjectHideFlags: 0
  m_CorrespondingSourceObject: {fileID: 0}
  m_PrefabInstance: {fileID: 0}
  m_PrefabAsset: {fileID: 0}
  m_GameObject: {fileID: 2573265106398413047}
  m_Enabled: 1
  serializedVersion: 3
  m_RenderMode: 1
  m_Camera: {fileID: 0}
  m_PlaneDistance: 1
  m_PixelPerfect: 0
  m_ReceivesEvents: 1
  m_OverrideSorting: 0
  m_OverridePixelPerfect: 0
  m_SortingBucketNormalizedSize: 0
  m_AdditionalShaderChannelsFlag: 0
  m_SortingLayerID: 0
  m_SortingOrder: 0
  m_TargetDisplay: 0
--- !u!114 &3986778923116278045
MonoBehaviour:
  m_ObjectHideFlags: 0
  m_CorrespondingSourceObject: {fileID: 0}
  m_PrefabInstance: {fileID: 0}
  m_PrefabAsset: {fileID: 0}
  m_GameObject: {fileID: 2573265106398413047}
  m_Enabled: 1
  m_EditorHideFlags: 0
  m_Script: {fileID: 11500000, guid: 0cd44c1031e13a943bb63640046fad76, type: 3}
  m_Name: 
  m_EditorClassIdentifier: 
  m_UiScaleMode: 0
  m_ReferencePixelsPerUnit: 100
  m_ScaleFactor: 1
  m_ReferenceResolution: {x: 800, y: 600}
  m_ScreenMatchMode: 0
  m_MatchWidthOrHeight: 0
  m_PhysicalUnit: 3
  m_FallbackScreenDPI: 96
  m_DefaultSpriteDPI: 96
  m_DynamicPixelsPerUnit: 1
  m_PresetInfoIsWorld: 0
--- !u!114 &3744752511821306768
MonoBehaviour:
  m_ObjectHideFlags: 0
  m_CorrespondingSourceObject: {fileID: 0}
  m_PrefabInstance: {fileID: 0}
  m_PrefabAsset: {fileID: 0}
  m_GameObject: {fileID: 2573265106398413047}
  m_Enabled: 1
  m_EditorHideFlags: 0
  m_Script: {fileID: 11500000, guid: dc42784cf147c0c48a680349fa168899, type: 3}
  m_Name: 
  m_EditorClassIdentifier: 
  m_IgnoreReversedGraphics: 1
  m_BlockingObjects: 0
  m_BlockingMask:
    serializedVersion: 2
    m_Bits: 4294967295
--- !u!1 &4582885768107574967
GameObject:
  m_ObjectHideFlags: 0
  m_CorrespondingSourceObject: {fileID: 0}
  m_PrefabInstance: {fileID: 0}
  m_PrefabAsset: {fileID: 0}
  serializedVersion: 6
  m_Component:
  - component: {fileID: 7639434497977531792}
  - component: {fileID: 2506652244386646911}
  - component: {fileID: 3862091968501903152}
  m_Layer: 5
  m_Name: bag_open
  m_TagString: Untagged
  m_Icon: {fileID: 0}
  m_NavMeshLayer: 0
  m_StaticEditorFlags: 0
  m_IsActive: 0
--- !u!224 &7639434497977531792
RectTransform:
  m_ObjectHideFlags: 0
  m_CorrespondingSourceObject: {fileID: 0}
  m_PrefabInstance: {fileID: 0}
  m_PrefabAsset: {fileID: 0}
  m_GameObject: {fileID: 4582885768107574967}
  m_LocalRotation: {x: 0, y: 0, z: 0, w: 1}
  m_LocalPosition: {x: 0, y: 0, z: 0}
  m_LocalScale: {x: 1, y: 1, z: 1}
  m_ConstrainProportionsScale: 0
  m_Children: []
  m_Father: {fileID: 5346092712083970756}
  m_RootOrder: 1
  m_LocalEulerAnglesHint: {x: 0, y: 0, z: 0}
  m_AnchorMin: {x: 0.5, y: 0.5}
  m_AnchorMax: {x: 0.5, y: 0.5}
  m_AnchoredPosition: {x: 0, y: 0.9}
  m_SizeDelta: {x: 100, y: 100}
  m_Pivot: {x: 0.5, y: 0.5}
--- !u!222 &2506652244386646911
CanvasRenderer:
  m_ObjectHideFlags: 0
  m_CorrespondingSourceObject: {fileID: 0}
  m_PrefabInstance: {fileID: 0}
  m_PrefabAsset: {fileID: 0}
  m_GameObject: {fileID: 4582885768107574967}
  m_CullTransparentMesh: 1
--- !u!114 &3862091968501903152
MonoBehaviour:
  m_ObjectHideFlags: 0
  m_CorrespondingSourceObject: {fileID: 0}
  m_PrefabInstance: {fileID: 0}
  m_PrefabAsset: {fileID: 0}
  m_GameObject: {fileID: 4582885768107574967}
  m_Enabled: 1
  m_EditorHideFlags: 0
  m_Script: {fileID: 11500000, guid: fe87c0e1cc204ed48ad3b37840f39efc, type: 3}
  m_Name: 
  m_EditorClassIdentifier: 
  m_Material: {fileID: 0}
  m_Color: {r: 1, g: 1, b: 1, a: 1}
  m_RaycastTarget: 1
  m_RaycastPadding: {x: 0, y: 0, z: 0, w: 0}
  m_Maskable: 1
  m_OnCullStateChanged:
    m_PersistentCalls:
      m_Calls: []
  m_Sprite: {fileID: 21300000, guid: db1579fd0fefff948af518d2769f5261, type: 3}
  m_Type: 0
  m_PreserveAspect: 0
  m_FillCenter: 1
  m_FillMethod: 4
  m_FillAmount: 1
  m_FillClockwise: 1
  m_FillOrigin: 0
  m_UseSpriteMesh: 0
  m_PixelsPerUnitMultiplier: 1
--- !u!1 &4879478060727917608
GameObject:
  m_ObjectHideFlags: 0
  m_CorrespondingSourceObject: {fileID: 0}
  m_PrefabInstance: {fileID: 0}
  m_PrefabAsset: {fileID: 0}
  serializedVersion: 6
  m_Component:
  - component: {fileID: 2580244629676247812}
  - component: {fileID: 1270597496742117680}
  - component: {fileID: 2935766474830684277}
  - component: {fileID: 8243276361419380304}
  m_Layer: 5
  m_Name: ClearPanel
  m_TagString: Untagged
  m_Icon: {fileID: 0}
  m_NavMeshLayer: 0
  m_StaticEditorFlags: 0
  m_IsActive: 1
--- !u!224 &2580244629676247812
RectTransform:
  m_ObjectHideFlags: 0
  m_CorrespondingSourceObject: {fileID: 0}
  m_PrefabInstance: {fileID: 0}
  m_PrefabAsset: {fileID: 0}
  m_GameObject: {fileID: 4879478060727917608}
  m_LocalRotation: {x: 0, y: 0, z: 0, w: 1}
  m_LocalPosition: {x: 0, y: 0, z: 0}
  m_LocalScale: {x: 0, y: 0, z: 0}
  m_ConstrainProportionsScale: 0
  m_Children:
  - {fileID: 4099586598837787984}
  m_Father: {fileID: 2449600401893499807}
  m_RootOrder: 6
  m_LocalEulerAnglesHint: {x: 0, y: 0, z: 0}
  m_AnchorMin: {x: 0, y: 0}
  m_AnchorMax: {x: 0, y: 0}
  m_AnchoredPosition: {x: 0, y: 0}
  m_SizeDelta: {x: 0, y: 0}
  m_Pivot: {x: 0, y: 0}
--- !u!223 &1270597496742117680
Canvas:
  m_ObjectHideFlags: 0
  m_CorrespondingSourceObject: {fileID: 0}
  m_PrefabInstance: {fileID: 0}
  m_PrefabAsset: {fileID: 0}
  m_GameObject: {fileID: 4879478060727917608}
  m_Enabled: 1
  serializedVersion: 3
  m_RenderMode: 1
  m_Camera: {fileID: 0}
  m_PlaneDistance: 100
  m_PixelPerfect: 0
  m_ReceivesEvents: 1
  m_OverrideSorting: 0
  m_OverridePixelPerfect: 0
  m_SortingBucketNormalizedSize: 0
  m_AdditionalShaderChannelsFlag: 0
  m_SortingLayerID: 0
  m_SortingOrder: 0
  m_TargetDisplay: 0
--- !u!114 &2935766474830684277
MonoBehaviour:
  m_ObjectHideFlags: 0
  m_CorrespondingSourceObject: {fileID: 0}
  m_PrefabInstance: {fileID: 0}
  m_PrefabAsset: {fileID: 0}
  m_GameObject: {fileID: 4879478060727917608}
  m_Enabled: 1
  m_EditorHideFlags: 0
  m_Script: {fileID: 11500000, guid: 0cd44c1031e13a943bb63640046fad76, type: 3}
  m_Name: 
  m_EditorClassIdentifier: 
  m_UiScaleMode: 0
  m_ReferencePixelsPerUnit: 100
  m_ScaleFactor: 1
  m_ReferenceResolution: {x: 800, y: 600}
  m_ScreenMatchMode: 0
  m_MatchWidthOrHeight: 0
  m_PhysicalUnit: 3
  m_FallbackScreenDPI: 96
  m_DefaultSpriteDPI: 96
  m_DynamicPixelsPerUnit: 1
  m_PresetInfoIsWorld: 0
--- !u!114 &8243276361419380304
MonoBehaviour:
  m_ObjectHideFlags: 0
  m_CorrespondingSourceObject: {fileID: 0}
  m_PrefabInstance: {fileID: 0}
  m_PrefabAsset: {fileID: 0}
  m_GameObject: {fileID: 4879478060727917608}
  m_Enabled: 1
  m_EditorHideFlags: 0
  m_Script: {fileID: 11500000, guid: dc42784cf147c0c48a680349fa168899, type: 3}
  m_Name: 
  m_EditorClassIdentifier: 
  m_IgnoreReversedGraphics: 1
  m_BlockingObjects: 0
  m_BlockingMask:
    serializedVersion: 2
    m_Bits: 4294967295
--- !u!1 &5529420602785511511
GameObject:
  m_ObjectHideFlags: 0
  m_CorrespondingSourceObject: {fileID: 0}
  m_PrefabInstance: {fileID: 0}
  m_PrefabAsset: {fileID: 0}
  serializedVersion: 6
  m_Component:
  - component: {fileID: 4099586598837787984}
  - component: {fileID: 3038591380258502864}
  - component: {fileID: 4676000686919004040}
  - component: {fileID: 1261737180}
  m_Layer: 5
  m_Name: Panel
  m_TagString: Untagged
  m_Icon: {fileID: 0}
  m_NavMeshLayer: 0
  m_StaticEditorFlags: 0
  m_IsActive: 1
--- !u!224 &4099586598837787984
RectTransform:
  m_ObjectHideFlags: 0
  m_CorrespondingSourceObject: {fileID: 0}
  m_PrefabInstance: {fileID: 0}
  m_PrefabAsset: {fileID: 0}
  m_GameObject: {fileID: 5529420602785511511}
  m_LocalRotation: {x: 0, y: 0, z: 0, w: 1}
  m_LocalPosition: {x: 0, y: 0, z: 0}
  m_LocalScale: {x: 1, y: 1, z: 1}
  m_ConstrainProportionsScale: 0
  m_Children: []
  m_Father: {fileID: 2580244629676247812}
  m_RootOrder: 0
  m_LocalEulerAnglesHint: {x: 0, y: 0, z: 0}
  m_AnchorMin: {x: 0, y: 0}
  m_AnchorMax: {x: 1, y: 1}
  m_AnchoredPosition: {x: 0, y: 0}
  m_SizeDelta: {x: 0, y: 0}
  m_Pivot: {x: 0.5, y: 0.5}
--- !u!222 &3038591380258502864
CanvasRenderer:
  m_ObjectHideFlags: 0
  m_CorrespondingSourceObject: {fileID: 0}
  m_PrefabInstance: {fileID: 0}
  m_PrefabAsset: {fileID: 0}
  m_GameObject: {fileID: 5529420602785511511}
  m_CullTransparentMesh: 1
--- !u!114 &4676000686919004040
MonoBehaviour:
  m_ObjectHideFlags: 0
  m_CorrespondingSourceObject: {fileID: 0}
  m_PrefabInstance: {fileID: 0}
  m_PrefabAsset: {fileID: 0}
  m_GameObject: {fileID: 5529420602785511511}
  m_Enabled: 1
  m_EditorHideFlags: 0
  m_Script: {fileID: 11500000, guid: fe87c0e1cc204ed48ad3b37840f39efc, type: 3}
  m_Name: 
  m_EditorClassIdentifier: 
  m_Material: {fileID: 0}
  m_Color: {r: 0, g: 0, b: 0, a: 0}
  m_RaycastTarget: 1
  m_RaycastPadding: {x: 0, y: 0, z: 0, w: 0}
  m_Maskable: 1
  m_OnCullStateChanged:
    m_PersistentCalls:
      m_Calls: []
  m_Sprite: {fileID: 0}
  m_Type: 1
  m_PreserveAspect: 0
  m_FillCenter: 1
  m_FillMethod: 4
  m_FillAmount: 1
  m_FillClockwise: 1
  m_FillOrigin: 0
  m_UseSpriteMesh: 0
  m_PixelsPerUnitMultiplier: 1
--- !u!95 &1261737180
Animator:
  serializedVersion: 4
  m_ObjectHideFlags: 0
  m_CorrespondingSourceObject: {fileID: 0}
  m_PrefabInstance: {fileID: 0}
  m_PrefabAsset: {fileID: 0}
  m_GameObject: {fileID: 5529420602785511511}
  m_Enabled: 1
  m_Avatar: {fileID: 0}
  m_Controller: {fileID: 9100000, guid: b888d79d0e5b6624a9b7466f4c75ebba, type: 2}
  m_CullingMode: 0
  m_UpdateMode: 0
  m_ApplyRootMotion: 0
  m_LinearVelocityBlending: 0
  m_StabilizeFeet: 0
  m_WarningMessage: 
  m_HasTransformHierarchy: 1
  m_AllowConstantClipSamplingOptimization: 1
  m_KeepAnimatorControllerStateOnDisable: 0
--- !u!1 &7895508291840362701
GameObject:
  m_ObjectHideFlags: 0
  m_CorrespondingSourceObject: {fileID: 0}
  m_PrefabInstance: {fileID: 0}
  m_PrefabAsset: {fileID: 0}
  serializedVersion: 6
  m_Component:
  - component: {fileID: 8540759330480523832}
  - component: {fileID: 5466978190861610917}
  - component: {fileID: 4981381845372934707}
  m_Layer: 5
  m_Name: bag_close
  m_TagString: Untagged
  m_Icon: {fileID: 0}
  m_NavMeshLayer: 0
  m_StaticEditorFlags: 0
  m_IsActive: 1
--- !u!224 &8540759330480523832
RectTransform:
  m_ObjectHideFlags: 0
  m_CorrespondingSourceObject: {fileID: 0}
  m_PrefabInstance: {fileID: 0}
  m_PrefabAsset: {fileID: 0}
  m_GameObject: {fileID: 7895508291840362701}
  m_LocalRotation: {x: 0, y: 0, z: 0, w: 1}
  m_LocalPosition: {x: 0, y: 0, z: 0}
  m_LocalScale: {x: 1, y: 1, z: 1}
  m_ConstrainProportionsScale: 0
  m_Children: []
  m_Father: {fileID: 5346092712083970756}
  m_RootOrder: 0
  m_LocalEulerAnglesHint: {x: 0, y: 0, z: 0}
  m_AnchorMin: {x: 0.5, y: 0.5}
  m_AnchorMax: {x: 0.5, y: 0.5}
  m_AnchoredPosition: {x: 0, y: 0}
  m_SizeDelta: {x: 100, y: 100}
  m_Pivot: {x: 0.5, y: 0.5}
--- !u!222 &5466978190861610917
CanvasRenderer:
  m_ObjectHideFlags: 0
  m_CorrespondingSourceObject: {fileID: 0}
  m_PrefabInstance: {fileID: 0}
  m_PrefabAsset: {fileID: 0}
  m_GameObject: {fileID: 7895508291840362701}
  m_CullTransparentMesh: 1
--- !u!114 &4981381845372934707
MonoBehaviour:
  m_ObjectHideFlags: 0
  m_CorrespondingSourceObject: {fileID: 0}
  m_PrefabInstance: {fileID: 0}
  m_PrefabAsset: {fileID: 0}
  m_GameObject: {fileID: 7895508291840362701}
  m_Enabled: 1
  m_EditorHideFlags: 0
  m_Script: {fileID: 11500000, guid: fe87c0e1cc204ed48ad3b37840f39efc, type: 3}
  m_Name: 
  m_EditorClassIdentifier: 
  m_Material: {fileID: 0}
  m_Color: {r: 1, g: 1, b: 1, a: 1}
  m_RaycastTarget: 1
  m_RaycastPadding: {x: 0, y: 0, z: 0, w: 0}
  m_Maskable: 1
  m_OnCullStateChanged:
    m_PersistentCalls:
      m_Calls: []
  m_Sprite: {fileID: 21300000, guid: a090d699376dec9439117e33520d4bab, type: 3}
  m_Type: 0
  m_PreserveAspect: 0
  m_FillCenter: 1
  m_FillMethod: 4
  m_FillAmount: 1
  m_FillClockwise: 1
  m_FillOrigin: 0
  m_UseSpriteMesh: 0
  m_PixelsPerUnitMultiplier: 1
--- !u!1 &8069374888362702869
GameObject:
  m_ObjectHideFlags: 0
  m_CorrespondingSourceObject: {fileID: 0}
  m_PrefabInstance: {fileID: 0}
  m_PrefabAsset: {fileID: 0}
  serializedVersion: 6
  m_Component:
  - component: {fileID: 5346092712083970756}
  - component: {fileID: 4507761238578368354}
  - component: {fileID: 6798430962672850437}
  m_Layer: 5
  m_Name: Panel
  m_TagString: Untagged
  m_Icon: {fileID: 0}
  m_NavMeshLayer: 0
  m_StaticEditorFlags: 0
  m_IsActive: 1
--- !u!224 &5346092712083970756
RectTransform:
  m_ObjectHideFlags: 0
  m_CorrespondingSourceObject: {fileID: 0}
  m_PrefabInstance: {fileID: 0}
  m_PrefabAsset: {fileID: 0}
  m_GameObject: {fileID: 8069374888362702869}
  m_LocalRotation: {x: 0, y: 0, z: 0, w: 1}
  m_LocalPosition: {x: 0, y: 0, z: 0}
  m_LocalScale: {x: 0.6, y: 0.6, z: 0.6}
  m_ConstrainProportionsScale: 0
  m_Children:
  - {fileID: 8540759330480523832}
  - {fileID: 7639434497977531792}
  m_Father: {fileID: 5742208119796871188}
  m_RootOrder: 4
  m_LocalEulerAnglesHint: {x: 0, y: 0, z: 0}
  m_AnchorMin: {x: 0.5, y: 0.5}
  m_AnchorMax: {x: 0.5, y: 0.5}
  m_AnchoredPosition: {x: -358, y: -182}
  m_SizeDelta: {x: 95, y: 95}
  m_Pivot: {x: 0.5, y: 0.5}
--- !u!222 &4507761238578368354
CanvasRenderer:
  m_ObjectHideFlags: 0
  m_CorrespondingSourceObject: {fileID: 0}
  m_PrefabInstance: {fileID: 0}
  m_PrefabAsset: {fileID: 0}
  m_GameObject: {fileID: 8069374888362702869}
  m_CullTransparentMesh: 1
--- !u!114 &6798430962672850437
MonoBehaviour:
  m_ObjectHideFlags: 0
  m_CorrespondingSourceObject: {fileID: 0}
  m_PrefabInstance: {fileID: 0}
  m_PrefabAsset: {fileID: 0}
  m_GameObject: {fileID: 8069374888362702869}
  m_Enabled: 1
  m_EditorHideFlags: 0
  m_Script: {fileID: 11500000, guid: fe87c0e1cc204ed48ad3b37840f39efc, type: 3}
  m_Name: 
  m_EditorClassIdentifier: 
  m_Material: {fileID: 0}
  m_Color: {r: 1, g: 1, b: 1, a: 0}
  m_RaycastTarget: 1
  m_RaycastPadding: {x: 0, y: 0, z: 0, w: 0}
  m_Maskable: 1
  m_OnCullStateChanged:
    m_PersistentCalls:
      m_Calls: []
  m_Sprite: {fileID: 0}
  m_Type: 1
  m_PreserveAspect: 0
  m_FillCenter: 1
  m_FillMethod: 4
  m_FillAmount: 1
  m_FillClockwise: 1
  m_FillOrigin: 0
  m_UseSpriteMesh: 0
  m_PixelsPerUnitMultiplier: 1
--- !u!1001 &535539468
PrefabInstance:
  m_ObjectHideFlags: 0
  serializedVersion: 2
  m_Modification:
    m_TransformParent: {fileID: 2449600401893499807}
    m_Modifications:
    - target: {fileID: 2976811302946441271, guid: 690510bc8fb1e7d4192692c7d29aa225, type: 3}
      propertyPath: m_LocalScale.x
      value: 0.87
      objectReference: {fileID: 0}
    - target: {fileID: 2976811302946441271, guid: 690510bc8fb1e7d4192692c7d29aa225, type: 3}
      propertyPath: m_LocalScale.y
      value: 0.87
      objectReference: {fileID: 0}
    - target: {fileID: 2976811302946441271, guid: 690510bc8fb1e7d4192692c7d29aa225, type: 3}
      propertyPath: m_LocalScale.z
      value: 0.87
      objectReference: {fileID: 0}
    - target: {fileID: 2976811302946441271, guid: 690510bc8fb1e7d4192692c7d29aa225, type: 3}
      propertyPath: m_AnchoredPosition.y
      value: -1
      objectReference: {fileID: 0}
    - target: {fileID: 2976811302946441271, guid: 690510bc8fb1e7d4192692c7d29aa225, type: 3}
      propertyPath: m_ConstrainProportionsScale
      value: 1
      objectReference: {fileID: 0}
    - target: {fileID: 6355299899118207864, guid: 690510bc8fb1e7d4192692c7d29aa225, type: 3}
      propertyPath: m_AnchorMax.x
      value: 0.88500005
      objectReference: {fileID: 0}
    - target: {fileID: 6355299899118207864, guid: 690510bc8fb1e7d4192692c7d29aa225, type: 3}
      propertyPath: m_AnchorMax.y
      value: 0.5213333
      objectReference: {fileID: 0}
    - target: {fileID: 6355299899118207864, guid: 690510bc8fb1e7d4192692c7d29aa225, type: 3}
      propertyPath: m_AnchorMin.x
      value: 0.59872925
      objectReference: {fileID: 0}
    - target: {fileID: 6355299899118207864, guid: 690510bc8fb1e7d4192692c7d29aa225, type: 3}
      propertyPath: m_AnchorMin.y
      value: 0.19562966
      objectReference: {fileID: 0}
    - target: {fileID: 6355299899118207864, guid: 690510bc8fb1e7d4192692c7d29aa225, type: 3}
      propertyPath: m_SizeDelta.x
      value: 0.7000122
      objectReference: {fileID: 0}
    - target: {fileID: 6355299899118207864, guid: 690510bc8fb1e7d4192692c7d29aa225, type: 3}
      propertyPath: m_SizeDelta.y
      value: 4.5
      objectReference: {fileID: 0}
    - target: {fileID: 6355299899118207864, guid: 690510bc8fb1e7d4192692c7d29aa225, type: 3}
      propertyPath: m_LocalScale.x
      value: 1.45
      objectReference: {fileID: 0}
    - target: {fileID: 6355299899118207864, guid: 690510bc8fb1e7d4192692c7d29aa225, type: 3}
      propertyPath: m_LocalScale.y
      value: 1.45
      objectReference: {fileID: 0}
    - target: {fileID: 6355299899118207864, guid: 690510bc8fb1e7d4192692c7d29aa225, type: 3}
      propertyPath: m_LocalScale.z
      value: 1.45
      objectReference: {fileID: 0}
    - target: {fileID: 6355299899118207864, guid: 690510bc8fb1e7d4192692c7d29aa225, type: 3}
      propertyPath: m_AnchoredPosition.x
      value: 20
      objectReference: {fileID: 0}
    - target: {fileID: 6355299899118207864, guid: 690510bc8fb1e7d4192692c7d29aa225, type: 3}
      propertyPath: m_AnchoredPosition.y
      value: -62
      objectReference: {fileID: 0}
    - target: {fileID: 6355299899118207864, guid: 690510bc8fb1e7d4192692c7d29aa225, type: 3}
      propertyPath: m_ConstrainProportionsScale
      value: 1
      objectReference: {fileID: 0}
    - target: {fileID: 6964428477240101584, guid: 690510bc8fb1e7d4192692c7d29aa225, type: 3}
      propertyPath: m_OnClick.m_PersistentCalls.m_Calls.Array.size
      value: 2
      objectReference: {fileID: 0}
    - target: {fileID: 6964428477240101584, guid: 690510bc8fb1e7d4192692c7d29aa225, type: 3}
      propertyPath: m_OnClick.m_PersistentCalls.m_Calls.Array.data[1].m_Mode
      value: 1
      objectReference: {fileID: 0}
    - target: {fileID: 6964428477240101584, guid: 690510bc8fb1e7d4192692c7d29aa225, type: 3}
      propertyPath: m_OnClick.m_PersistentCalls.m_Calls.Array.data[1].m_Target
      value: 
      objectReference: {fileID: 0}
    - target: {fileID: 6964428477240101584, guid: 690510bc8fb1e7d4192692c7d29aa225, type: 3}
      propertyPath: m_OnClick.m_PersistentCalls.m_Calls.Array.data[1].m_CallState
      value: 2
      objectReference: {fileID: 0}
    - target: {fileID: 6964428477240101584, guid: 690510bc8fb1e7d4192692c7d29aa225, type: 3}
      propertyPath: m_OnClick.m_PersistentCalls.m_Calls.Array.data[1].m_MethodName
      value: AnalysisCheck
      objectReference: {fileID: 0}
    - target: {fileID: 6964428477240101584, guid: 690510bc8fb1e7d4192692c7d29aa225, type: 3}
      propertyPath: m_OnClick.m_PersistentCalls.m_Calls.Array.data[1].m_TargetAssemblyTypeName
      value: jmp.ItemCheck, Assembly-CSharp
      objectReference: {fileID: 0}
    - target: {fileID: 6964428477240101584, guid: 690510bc8fb1e7d4192692c7d29aa225, type: 3}
      propertyPath: m_OnClick.m_PersistentCalls.m_Calls.Array.data[1].m_Arguments.m_ObjectArgumentAssemblyTypeName
      value: UnityEngine.Object, UnityEngine
      objectReference: {fileID: 0}
    - target: {fileID: 6964428477240101591, guid: 690510bc8fb1e7d4192692c7d29aa225, type: 3}
      propertyPath: m_AnchorMax.x
      value: 0.85800004
      objectReference: {fileID: 0}
    - target: {fileID: 6964428477240101591, guid: 690510bc8fb1e7d4192692c7d29aa225, type: 3}
      propertyPath: m_AnchorMax.y
      value: 0.2375926
      objectReference: {fileID: 0}
    - target: {fileID: 6964428477240101591, guid: 690510bc8fb1e7d4192692c7d29aa225, type: 3}
      propertyPath: m_AnchorMin.x
      value: 0.7763959
      objectReference: {fileID: 0}
    - target: {fileID: 6964428477240101591, guid: 690510bc8fb1e7d4192692c7d29aa225, type: 3}
      propertyPath: m_AnchorMin.y
      value: 0.20700002
      objectReference: {fileID: 0}
    - target: {fileID: 6964428477240101591, guid: 690510bc8fb1e7d4192692c7d29aa225, type: 3}
      propertyPath: m_SizeDelta.x
      value: 3
      objectReference: {fileID: 0}
    - target: {fileID: 6964428477240101591, guid: 690510bc8fb1e7d4192692c7d29aa225, type: 3}
      propertyPath: m_SizeDelta.y
      value: -3
      objectReference: {fileID: 0}
    - target: {fileID: 6964428477240101591, guid: 690510bc8fb1e7d4192692c7d29aa225, type: 3}
      propertyPath: m_LocalScale.x
      value: 1.11
      objectReference: {fileID: 0}
    - target: {fileID: 6964428477240101591, guid: 690510bc8fb1e7d4192692c7d29aa225, type: 3}
      propertyPath: m_LocalScale.y
      value: 1.339656
      objectReference: {fileID: 0}
    - target: {fileID: 6964428477240101591, guid: 690510bc8fb1e7d4192692c7d29aa225, type: 3}
      propertyPath: m_LocalScale.z
      value: 0.948429
      objectReference: {fileID: 0}
    - target: {fileID: 6964428477240101591, guid: 690510bc8fb1e7d4192692c7d29aa225, type: 3}
      propertyPath: m_LocalPosition.z
      value: -63
      objectReference: {fileID: 0}
    - target: {fileID: 6964428477240101591, guid: 690510bc8fb1e7d4192692c7d29aa225, type: 3}
      propertyPath: m_AnchoredPosition.x
      value: 141
      objectReference: {fileID: 0}
    - target: {fileID: 6964428477240101591, guid: 690510bc8fb1e7d4192692c7d29aa225, type: 3}
      propertyPath: m_AnchoredPosition.y
      value: -118
      objectReference: {fileID: 0}
    - target: {fileID: 6964428477240101591, guid: 690510bc8fb1e7d4192692c7d29aa225, type: 3}
      propertyPath: m_ConstrainProportionsScale
      value: 1
      objectReference: {fileID: 0}
    - target: {fileID: 6964428477475962320, guid: 690510bc8fb1e7d4192692c7d29aa225, type: 3}
      propertyPath: m_margin.w
      value: -18.322594
      objectReference: {fileID: 0}
    - target: {fileID: 6964428477475962320, guid: 690510bc8fb1e7d4192692c7d29aa225, type: 3}
      propertyPath: m_margin.x
      value: -111.42085
      objectReference: {fileID: 0}
    - target: {fileID: 6964428477475962320, guid: 690510bc8fb1e7d4192692c7d29aa225, type: 3}
      propertyPath: m_margin.y
      value: -30.926884
      objectReference: {fileID: 0}
    - target: {fileID: 6964428477475962320, guid: 690510bc8fb1e7d4192692c7d29aa225, type: 3}
      propertyPath: m_margin.z
      value: -152.41702
      objectReference: {fileID: 0}
    - target: {fileID: 6964428477475962320, guid: 690510bc8fb1e7d4192692c7d29aa225, type: 3}
      propertyPath: m_overflowMode
      value: 3
      objectReference: {fileID: 0}
    - target: {fileID: 6964428477475962320, guid: 690510bc8fb1e7d4192692c7d29aa225, type: 3}
      propertyPath: m_VerticalAlignment
      value: 512
      objectReference: {fileID: 0}
    - target: {fileID: 6964428477475962320, guid: 690510bc8fb1e7d4192692c7d29aa225, type: 3}
      propertyPath: m_HorizontalAlignment
      value: 2
      objectReference: {fileID: 0}
    - target: {fileID: 6964428477475962326, guid: 690510bc8fb1e7d4192692c7d29aa225, type: 3}
      propertyPath: m_AnchorMax.x
      value: 0.98429006
      objectReference: {fileID: 0}
    - target: {fileID: 6964428477475962326, guid: 690510bc8fb1e7d4192692c7d29aa225, type: 3}
      propertyPath: m_AnchorMax.y
      value: 0.9747425
      objectReference: {fileID: 0}
    - target: {fileID: 6964428477475962326, guid: 690510bc8fb1e7d4192692c7d29aa225, type: 3}
      propertyPath: m_AnchorMin.x
      value: 0.48752725
      objectReference: {fileID: 0}
    - target: {fileID: 6964428477475962326, guid: 690510bc8fb1e7d4192692c7d29aa225, type: 3}
      propertyPath: m_AnchorMin.y
      value: 0.77500004
      objectReference: {fileID: 0}
    - target: {fileID: 6964428477475962326, guid: 690510bc8fb1e7d4192692c7d29aa225, type: 3}
      propertyPath: m_SizeDelta.x
      value: -258
      objectReference: {fileID: 0}
    - target: {fileID: 6964428477475962326, guid: 690510bc8fb1e7d4192692c7d29aa225, type: 3}
      propertyPath: m_SizeDelta.y
      value: -43
      objectReference: {fileID: 0}
    - target: {fileID: 6964428477475962326, guid: 690510bc8fb1e7d4192692c7d29aa225, type: 3}
      propertyPath: m_AnchoredPosition.x
      value: -26
      objectReference: {fileID: 0}
    - target: {fileID: 6964428477475962326, guid: 690510bc8fb1e7d4192692c7d29aa225, type: 3}
      propertyPath: m_AnchoredPosition.y
      value: -17
      objectReference: {fileID: 0}
    - target: {fileID: 6964428477844654176, guid: 690510bc8fb1e7d4192692c7d29aa225, type: 3}
      propertyPath: m_AnchorMax.x
      value: 0.47025922
      objectReference: {fileID: 0}
    - target: {fileID: 6964428477844654176, guid: 690510bc8fb1e7d4192692c7d29aa225, type: 3}
      propertyPath: m_AnchorMax.y
      value: 0.9747425
      objectReference: {fileID: 0}
    - target: {fileID: 6964428477844654176, guid: 690510bc8fb1e7d4192692c7d29aa225, type: 3}
      propertyPath: m_AnchorMin.x
      value: 0.027583398
      objectReference: {fileID: 0}
    - target: {fileID: 6964428477844654176, guid: 690510bc8fb1e7d4192692c7d29aa225, type: 3}
      propertyPath: m_AnchorMin.y
      value: 0.027188415
      objectReference: {fileID: 0}
    - target: {fileID: 6964428477844654176, guid: 690510bc8fb1e7d4192692c7d29aa225, type: 3}
      propertyPath: m_SizeDelta.x
      value: -288.39005
      objectReference: {fileID: 0}
    - target: {fileID: 6964428477844654176, guid: 690510bc8fb1e7d4192692c7d29aa225, type: 3}
      propertyPath: m_SizeDelta.y
      value: -272.8
      objectReference: {fileID: 0}
    - target: {fileID: 6964428477844654176, guid: 690510bc8fb1e7d4192692c7d29aa225, type: 3}
      propertyPath: m_LocalScale.x
      value: 2.32
      objectReference: {fileID: 0}
    - target: {fileID: 6964428477844654176, guid: 690510bc8fb1e7d4192692c7d29aa225, type: 3}
      propertyPath: m_LocalScale.y
      value: 1.3647058
      objectReference: {fileID: 0}
    - target: {fileID: 6964428477844654176, guid: 690510bc8fb1e7d4192692c7d29aa225, type: 3}
      propertyPath: m_LocalScale.z
      value: 1.3647058
      objectReference: {fileID: 0}
    - target: {fileID: 6964428477844654176, guid: 690510bc8fb1e7d4192692c7d29aa225, type: 3}
      propertyPath: m_AnchoredPosition.x
      value: 17
      objectReference: {fileID: 0}
    - target: {fileID: 6964428477844654176, guid: 690510bc8fb1e7d4192692c7d29aa225, type: 3}
      propertyPath: m_AnchoredPosition.y
      value: 1
      objectReference: {fileID: 0}
    - target: {fileID: 6964428477844654176, guid: 690510bc8fb1e7d4192692c7d29aa225, type: 3}
      propertyPath: m_ConstrainProportionsScale
      value: 1
      objectReference: {fileID: 0}
    - target: {fileID: 6964428477844654182, guid: 690510bc8fb1e7d4192692c7d29aa225, type: 3}
      propertyPath: m_Sprite
      value: 
      objectReference: {fileID: 21300000, guid: 24656a7b9902f3f49b637bcb1aca4bff, type: 3}
    - target: {fileID: 6964428478093020837, guid: 690510bc8fb1e7d4192692c7d29aa225, type: 3}
      propertyPath: m_AnchorMax.x
      value: 0.60800004
      objectReference: {fileID: 0}
    - target: {fileID: 6964428478093020837, guid: 690510bc8fb1e7d4192692c7d29aa225, type: 3}
      propertyPath: m_AnchorMax.y
      value: 0.9044375
      objectReference: {fileID: 0}
    - target: {fileID: 6964428478093020837, guid: 690510bc8fb1e7d4192692c7d29aa225, type: 3}
      propertyPath: m_AnchorMin.x
      value: 0.07700001
      objectReference: {fileID: 0}
    - target: {fileID: 6964428478093020837, guid: 690510bc8fb1e7d4192692c7d29aa225, type: 3}
      propertyPath: m_AnchorMin.y
      value: 0.2375926
      objectReference: {fileID: 0}
    - target: {fileID: 6964428478093020837, guid: 690510bc8fb1e7d4192692c7d29aa225, type: 3}
      propertyPath: m_SizeDelta.x
      value: 0
      objectReference: {fileID: 0}
    - target: {fileID: 6964428478093020837, guid: 690510bc8fb1e7d4192692c7d29aa225, type: 3}
      propertyPath: m_SizeDelta.y
      value: 0
      objectReference: {fileID: 0}
    - target: {fileID: 6964428478093020837, guid: 690510bc8fb1e7d4192692c7d29aa225, type: 3}
      propertyPath: m_LocalScale.x
      value: 1.02
      objectReference: {fileID: 0}
    - target: {fileID: 6964428478093020837, guid: 690510bc8fb1e7d4192692c7d29aa225, type: 3}
      propertyPath: m_LocalScale.y
      value: 1.02
      objectReference: {fileID: 0}
    - target: {fileID: 6964428478093020837, guid: 690510bc8fb1e7d4192692c7d29aa225, type: 3}
      propertyPath: m_LocalScale.z
      value: 1.02
      objectReference: {fileID: 0}
    - target: {fileID: 6964428478093020837, guid: 690510bc8fb1e7d4192692c7d29aa225, type: 3}
      propertyPath: m_AnchoredPosition.x
      value: -94
      objectReference: {fileID: 0}
    - target: {fileID: 6964428478093020837, guid: 690510bc8fb1e7d4192692c7d29aa225, type: 3}
      propertyPath: m_AnchoredPosition.y
      value: 67
      objectReference: {fileID: 0}
    - target: {fileID: 6964428478093020837, guid: 690510bc8fb1e7d4192692c7d29aa225, type: 3}
      propertyPath: m_ConstrainProportionsScale
      value: 1
      objectReference: {fileID: 0}
    - target: {fileID: 6964428478126773065, guid: 690510bc8fb1e7d4192692c7d29aa225, type: 3}
      propertyPath: m_Pivot.x
      value: 0
      objectReference: {fileID: 0}
    - target: {fileID: 6964428478126773065, guid: 690510bc8fb1e7d4192692c7d29aa225, type: 3}
      propertyPath: m_Pivot.y
      value: 0
      objectReference: {fileID: 0}
    - target: {fileID: 6964428478126773065, guid: 690510bc8fb1e7d4192692c7d29aa225, type: 3}
      propertyPath: m_RootOrder
      value: 2
      objectReference: {fileID: 0}
    - target: {fileID: 6964428478126773065, guid: 690510bc8fb1e7d4192692c7d29aa225, type: 3}
      propertyPath: m_AnchorMax.x
      value: 0
      objectReference: {fileID: 0}
    - target: {fileID: 6964428478126773065, guid: 690510bc8fb1e7d4192692c7d29aa225, type: 3}
      propertyPath: m_AnchorMax.y
      value: 0
      objectReference: {fileID: 0}
    - target: {fileID: 6964428478126773065, guid: 690510bc8fb1e7d4192692c7d29aa225, type: 3}
      propertyPath: m_AnchorMin.x
      value: 0
      objectReference: {fileID: 0}
    - target: {fileID: 6964428478126773065, guid: 690510bc8fb1e7d4192692c7d29aa225, type: 3}
      propertyPath: m_AnchorMin.y
      value: 0
      objectReference: {fileID: 0}
    - target: {fileID: 6964428478126773065, guid: 690510bc8fb1e7d4192692c7d29aa225, type: 3}
      propertyPath: m_SizeDelta.x
      value: 0
      objectReference: {fileID: 0}
    - target: {fileID: 6964428478126773065, guid: 690510bc8fb1e7d4192692c7d29aa225, type: 3}
      propertyPath: m_SizeDelta.y
      value: 0
      objectReference: {fileID: 0}
    - target: {fileID: 6964428478126773065, guid: 690510bc8fb1e7d4192692c7d29aa225, type: 3}
      propertyPath: m_LocalPosition.x
      value: 0
      objectReference: {fileID: 0}
    - target: {fileID: 6964428478126773065, guid: 690510bc8fb1e7d4192692c7d29aa225, type: 3}
      propertyPath: m_LocalPosition.y
      value: 0
      objectReference: {fileID: 0}
    - target: {fileID: 6964428478126773065, guid: 690510bc8fb1e7d4192692c7d29aa225, type: 3}
      propertyPath: m_LocalPosition.z
      value: 0
      objectReference: {fileID: 0}
    - target: {fileID: 6964428478126773065, guid: 690510bc8fb1e7d4192692c7d29aa225, type: 3}
      propertyPath: m_LocalRotation.w
      value: 1
      objectReference: {fileID: 0}
    - target: {fileID: 6964428478126773065, guid: 690510bc8fb1e7d4192692c7d29aa225, type: 3}
      propertyPath: m_LocalRotation.x
      value: 0
      objectReference: {fileID: 0}
    - target: {fileID: 6964428478126773065, guid: 690510bc8fb1e7d4192692c7d29aa225, type: 3}
      propertyPath: m_LocalRotation.y
      value: 0
      objectReference: {fileID: 0}
    - target: {fileID: 6964428478126773065, guid: 690510bc8fb1e7d4192692c7d29aa225, type: 3}
      propertyPath: m_LocalRotation.z
      value: 0
      objectReference: {fileID: 0}
    - target: {fileID: 6964428478126773065, guid: 690510bc8fb1e7d4192692c7d29aa225, type: 3}
      propertyPath: m_AnchoredPosition.x
      value: 0
      objectReference: {fileID: 0}
    - target: {fileID: 6964428478126773065, guid: 690510bc8fb1e7d4192692c7d29aa225, type: 3}
      propertyPath: m_AnchoredPosition.y
      value: 0
      objectReference: {fileID: 0}
    - target: {fileID: 6964428478126773065, guid: 690510bc8fb1e7d4192692c7d29aa225, type: 3}
      propertyPath: m_LocalEulerAnglesHint.x
      value: 0
      objectReference: {fileID: 0}
    - target: {fileID: 6964428478126773065, guid: 690510bc8fb1e7d4192692c7d29aa225, type: 3}
      propertyPath: m_LocalEulerAnglesHint.y
      value: 0
      objectReference: {fileID: 0}
    - target: {fileID: 6964428478126773065, guid: 690510bc8fb1e7d4192692c7d29aa225, type: 3}
      propertyPath: m_LocalEulerAnglesHint.z
      value: 0
      objectReference: {fileID: 0}
    - target: {fileID: 6964428478126773069, guid: 690510bc8fb1e7d4192692c7d29aa225, type: 3}
      propertyPath: m_Name
      value: AnalysisUI
      objectReference: {fileID: 0}
    - target: {fileID: 6964428478126773069, guid: 690510bc8fb1e7d4192692c7d29aa225, type: 3}
      propertyPath: m_IsActive
      value: 1
      objectReference: {fileID: 0}
    - target: {fileID: 6964428478126773070, guid: 690510bc8fb1e7d4192692c7d29aa225, type: 3}
      propertyPath: m_Camera
      value: 
      objectReference: {fileID: 0}
    - target: {fileID: 6964428478126773071, guid: 690510bc8fb1e7d4192692c7d29aa225, type: 3}
      propertyPath: m_UiScaleMode
      value: 1
      objectReference: {fileID: 0}
    - target: {fileID: 6964428478126773071, guid: 690510bc8fb1e7d4192692c7d29aa225, type: 3}
      propertyPath: m_MatchWidthOrHeight
      value: 0.5
      objectReference: {fileID: 0}
    - target: {fileID: 6964428478126773071, guid: 690510bc8fb1e7d4192692c7d29aa225, type: 3}
      propertyPath: m_ReferenceResolution.x
      value: 1920
      objectReference: {fileID: 0}
    - target: {fileID: 6964428478126773071, guid: 690510bc8fb1e7d4192692c7d29aa225, type: 3}
      propertyPath: m_ReferenceResolution.y
      value: 1080
      objectReference: {fileID: 0}
    - target: {fileID: 6964428478317438988, guid: 690510bc8fb1e7d4192692c7d29aa225, type: 3}
      propertyPath: m_AnchorMax.x
      value: 0.97249365
      objectReference: {fileID: 0}
    - target: {fileID: 6964428478317438988, guid: 690510bc8fb1e7d4192692c7d29aa225, type: 3}
      propertyPath: m_AnchorMax.y
      value: 0.77500004
      objectReference: {fileID: 0}
    - target: {fileID: 6964428478317438988, guid: 690510bc8fb1e7d4192692c7d29aa225, type: 3}
      propertyPath: m_AnchorMin.x
      value: 0.5118426
      objectReference: {fileID: 0}
    - target: {fileID: 6964428478317438988, guid: 690510bc8fb1e7d4192692c7d29aa225, type: 3}
      propertyPath: m_AnchorMin.y
      value: 0.014257654
      objectReference: {fileID: 0}
    - target: {fileID: 6964428478317438988, guid: 690510bc8fb1e7d4192692c7d29aa225, type: 3}
      propertyPath: m_SizeDelta.x
      value: -212
      objectReference: {fileID: 0}
    - target: {fileID: 6964428478317438988, guid: 690510bc8fb1e7d4192692c7d29aa225, type: 3}
      propertyPath: m_SizeDelta.y
      value: -300
      objectReference: {fileID: 0}
    - target: {fileID: 6964428478317438988, guid: 690510bc8fb1e7d4192692c7d29aa225, type: 3}
      propertyPath: m_LocalScale.x
      value: 3
      objectReference: {fileID: 0}
    - target: {fileID: 6964428478317438988, guid: 690510bc8fb1e7d4192692c7d29aa225, type: 3}
      propertyPath: m_LocalScale.y
      value: 4.21
      objectReference: {fileID: 0}
    - target: {fileID: 6964428478317438988, guid: 690510bc8fb1e7d4192692c7d29aa225, type: 3}
      propertyPath: m_AnchoredPosition.x
      value: -23
      objectReference: {fileID: 0}
    - target: {fileID: 6964428478317438988, guid: 690510bc8fb1e7d4192692c7d29aa225, type: 3}
      propertyPath: m_AnchoredPosition.y
      value: 12
      objectReference: {fileID: 0}
    - target: {fileID: 6964428478317438991, guid: 690510bc8fb1e7d4192692c7d29aa225, type: 3}
      propertyPath: m_text
      value: 
      objectReference: {fileID: 0}
    - target: {fileID: 6964428478317438991, guid: 690510bc8fb1e7d4192692c7d29aa225, type: 3}
      propertyPath: m_fontSize
      value: 7
      objectReference: {fileID: 0}
    - target: {fileID: 6964428478317438991, guid: 690510bc8fb1e7d4192692c7d29aa225, type: 3}
      propertyPath: m_margin.w
      value: 74.71965
      objectReference: {fileID: 0}
    - target: {fileID: 6964428478317438991, guid: 690510bc8fb1e7d4192692c7d29aa225, type: 3}
      propertyPath: m_margin.x
      value: 72.21277
      objectReference: {fileID: 0}
    - target: {fileID: 6964428478317438991, guid: 690510bc8fb1e7d4192692c7d29aa225, type: 3}
      propertyPath: m_margin.y
      value: 65.55231
      objectReference: {fileID: 0}
    - target: {fileID: 6964428478317438991, guid: 690510bc8fb1e7d4192692c7d29aa225, type: 3}
      propertyPath: m_margin.z
      value: 68.70656
      objectReference: {fileID: 0}
    - target: {fileID: 6964428478317438991, guid: 690510bc8fb1e7d4192692c7d29aa225, type: 3}
      propertyPath: m_fontSizeBase
      value: 7
      objectReference: {fileID: 0}
    - target: {fileID: 6964428478317438991, guid: 690510bc8fb1e7d4192692c7d29aa225, type: 3}
      propertyPath: m_VerticalAlignment
      value: 512
      objectReference: {fileID: 0}
    - target: {fileID: 6964428478722302549, guid: 690510bc8fb1e7d4192692c7d29aa225, type: 3}
      propertyPath: analysis
      value: 
      objectReference: {fileID: 0}
    - target: {fileID: 6964428478722302549, guid: 690510bc8fb1e7d4192692c7d29aa225, type: 3}
      propertyPath: inventory
      value: 
      objectReference: {fileID: 0}
    - target: {fileID: 6964428478722302569, guid: 690510bc8fb1e7d4192692c7d29aa225, type: 3}
      propertyPath: m_AnchorMax.x
      value: 0.95600003
      objectReference: {fileID: 0}
    - target: {fileID: 6964428478722302569, guid: 690510bc8fb1e7d4192692c7d29aa225, type: 3}
      propertyPath: m_AnchorMax.y
      value: 0.94377226
      objectReference: {fileID: 0}
    - target: {fileID: 6964428478722302569, guid: 690510bc8fb1e7d4192692c7d29aa225, type: 3}
      propertyPath: m_AnchorMin.x
      value: 0.05452412
      objectReference: {fileID: 0}
    - target: {fileID: 6964428478722302569, guid: 690510bc8fb1e7d4192692c7d29aa225, type: 3}
      propertyPath: m_AnchorMin.y
      value: 0.16038615
      objectReference: {fileID: 0}
    - target: {fileID: 6964428478722302569, guid: 690510bc8fb1e7d4192692c7d29aa225, type: 3}
      propertyPath: m_SizeDelta.x
      value: -6.269989
      objectReference: {fileID: 0}
    - target: {fileID: 6964428478722302569, guid: 690510bc8fb1e7d4192692c7d29aa225, type: 3}
      propertyPath: m_SizeDelta.y
      value: 74.74
      objectReference: {fileID: 0}
    - target: {fileID: 6964428478722302569, guid: 690510bc8fb1e7d4192692c7d29aa225, type: 3}
      propertyPath: m_LocalScale.x
      value: 0.9995907
      objectReference: {fileID: 0}
    - target: {fileID: 6964428478722302569, guid: 690510bc8fb1e7d4192692c7d29aa225, type: 3}
      propertyPath: m_LocalScale.y
      value: 0.78103
      objectReference: {fileID: 0}
    - target: {fileID: 6964428478722302569, guid: 690510bc8fb1e7d4192692c7d29aa225, type: 3}
      propertyPath: m_AnchoredPosition.x
      value: -2.999939
      objectReference: {fileID: 0}
    - target: {fileID: 6964428478722302569, guid: 690510bc8fb1e7d4192692c7d29aa225, type: 3}
      propertyPath: m_AnchoredPosition.y
      value: -1.7700195
      objectReference: {fileID: 0}
    m_RemovedComponents: []
  m_SourcePrefab: {fileID: 100100000, guid: 690510bc8fb1e7d4192692c7d29aa225, type: 3}
--- !u!224 &6964428477646240837 stripped
RectTransform:
  m_CorrespondingSourceObject: {fileID: 6964428478126773065, guid: 690510bc8fb1e7d4192692c7d29aa225, type: 3}
  m_PrefabInstance: {fileID: 535539468}
  m_PrefabAsset: {fileID: 0}
--- !u!1 &6964428479197662562 stripped
GameObject:
  m_CorrespondingSourceObject: {fileID: 6964428478722302574, guid: 690510bc8fb1e7d4192692c7d29aa225, type: 3}
  m_PrefabInstance: {fileID: 535539468}
  m_PrefabAsset: {fileID: 0}
--- !u!114 &2140992679
MonoBehaviour:
  m_ObjectHideFlags: 0
  m_CorrespondingSourceObject: {fileID: 0}
  m_PrefabInstance: {fileID: 0}
  m_PrefabAsset: {fileID: 0}
  m_GameObject: {fileID: 6964428479197662562}
  m_Enabled: 1
  m_EditorHideFlags: 0
  m_Script: {fileID: 11500000, guid: 8a8695521f0d02e499659fee002a26c2, type: 3}
  m_Name: 
  m_EditorClassIdentifier: 
  m_Padding:
    m_Left: 0
    m_Right: 0
    m_Top: 0
    m_Bottom: 0
  m_ChildAlignment: 0
  m_StartCorner: 0
  m_StartAxis: 0
  m_CellSize: {x: 81, y: 120}
  m_Spacing: {x: 0, y: 0}
  m_Constraint: 0
  m_ConstraintCount: 2
--- !u!1001 &825018214
PrefabInstance:
  m_ObjectHideFlags: 0
  serializedVersion: 2
  m_Modification:
    m_TransformParent: {fileID: 5742208119796871188}
    m_Modifications:
    - target: {fileID: 8529594683187381596, guid: 00d3ff7be499b3748a3b82f1a34aa52e, type: 3}
      propertyPath: m_Sprite
      value: 
      objectReference: {fileID: 0}
    - target: {fileID: 8529594683187381596, guid: 00d3ff7be499b3748a3b82f1a34aa52e, type: 3}
      propertyPath: m_Color.a
      value: 0
      objectReference: {fileID: 0}
    - target: {fileID: 8529594683643886997, guid: 00d3ff7be499b3748a3b82f1a34aa52e, type: 3}
      propertyPath: m_Name
      value: Menuwindow
      objectReference: {fileID: 0}
    - target: {fileID: 8529594683643887002, guid: 00d3ff7be499b3748a3b82f1a34aa52e, type: 3}
      propertyPath: m_Pivot.x
      value: 0.5
      objectReference: {fileID: 0}
    - target: {fileID: 8529594683643887002, guid: 00d3ff7be499b3748a3b82f1a34aa52e, type: 3}
      propertyPath: m_Pivot.y
      value: 0.5
      objectReference: {fileID: 0}
    - target: {fileID: 8529594683643887002, guid: 00d3ff7be499b3748a3b82f1a34aa52e, type: 3}
      propertyPath: m_RootOrder
      value: 5
      objectReference: {fileID: 0}
    - target: {fileID: 8529594683643887002, guid: 00d3ff7be499b3748a3b82f1a34aa52e, type: 3}
      propertyPath: m_AnchorMax.x
      value: 0
      objectReference: {fileID: 0}
    - target: {fileID: 8529594683643887002, guid: 00d3ff7be499b3748a3b82f1a34aa52e, type: 3}
      propertyPath: m_AnchorMax.y
      value: 0
      objectReference: {fileID: 0}
    - target: {fileID: 8529594683643887002, guid: 00d3ff7be499b3748a3b82f1a34aa52e, type: 3}
      propertyPath: m_AnchorMin.x
      value: 0
      objectReference: {fileID: 0}
    - target: {fileID: 8529594683643887002, guid: 00d3ff7be499b3748a3b82f1a34aa52e, type: 3}
      propertyPath: m_AnchorMin.y
      value: 0
      objectReference: {fileID: 0}
    - target: {fileID: 8529594683643887002, guid: 00d3ff7be499b3748a3b82f1a34aa52e, type: 3}
      propertyPath: m_SizeDelta.x
      value: 296
      objectReference: {fileID: 0}
    - target: {fileID: 8529594683643887002, guid: 00d3ff7be499b3748a3b82f1a34aa52e, type: 3}
      propertyPath: m_SizeDelta.y
      value: 200
      objectReference: {fileID: 0}
    - target: {fileID: 8529594683643887002, guid: 00d3ff7be499b3748a3b82f1a34aa52e, type: 3}
      propertyPath: m_LocalPosition.x
      value: 0
      objectReference: {fileID: 0}
    - target: {fileID: 8529594683643887002, guid: 00d3ff7be499b3748a3b82f1a34aa52e, type: 3}
      propertyPath: m_LocalPosition.y
      value: 0
      objectReference: {fileID: 0}
    - target: {fileID: 8529594683643887002, guid: 00d3ff7be499b3748a3b82f1a34aa52e, type: 3}
      propertyPath: m_LocalPosition.z
      value: 0
      objectReference: {fileID: 0}
    - target: {fileID: 8529594683643887002, guid: 00d3ff7be499b3748a3b82f1a34aa52e, type: 3}
      propertyPath: m_LocalRotation.w
      value: 1
      objectReference: {fileID: 0}
    - target: {fileID: 8529594683643887002, guid: 00d3ff7be499b3748a3b82f1a34aa52e, type: 3}
      propertyPath: m_LocalRotation.x
      value: 0
      objectReference: {fileID: 0}
    - target: {fileID: 8529594683643887002, guid: 00d3ff7be499b3748a3b82f1a34aa52e, type: 3}
      propertyPath: m_LocalRotation.y
      value: 0
      objectReference: {fileID: 0}
    - target: {fileID: 8529594683643887002, guid: 00d3ff7be499b3748a3b82f1a34aa52e, type: 3}
      propertyPath: m_LocalRotation.z
      value: 0
      objectReference: {fileID: 0}
    - target: {fileID: 8529594683643887002, guid: 00d3ff7be499b3748a3b82f1a34aa52e, type: 3}
      propertyPath: m_AnchoredPosition.x
      value: 147
      objectReference: {fileID: 0}
    - target: {fileID: 8529594683643887002, guid: 00d3ff7be499b3748a3b82f1a34aa52e, type: 3}
      propertyPath: m_AnchoredPosition.y
      value: 100
      objectReference: {fileID: 0}
    - target: {fileID: 8529594683643887002, guid: 00d3ff7be499b3748a3b82f1a34aa52e, type: 3}
      propertyPath: m_LocalEulerAnglesHint.x
      value: 0
      objectReference: {fileID: 0}
    - target: {fileID: 8529594683643887002, guid: 00d3ff7be499b3748a3b82f1a34aa52e, type: 3}
      propertyPath: m_LocalEulerAnglesHint.y
      value: 0
      objectReference: {fileID: 0}
    - target: {fileID: 8529594683643887002, guid: 00d3ff7be499b3748a3b82f1a34aa52e, type: 3}
      propertyPath: m_LocalEulerAnglesHint.z
      value: 0
      objectReference: {fileID: 0}
    - target: {fileID: 8529594683643887003, guid: 00d3ff7be499b3748a3b82f1a34aa52e, type: 3}
      propertyPath: m_Sprite
      value: 
      objectReference: {fileID: 0}
    - target: {fileID: 8529594683643887003, guid: 00d3ff7be499b3748a3b82f1a34aa52e, type: 3}
      propertyPath: m_Color.a
      value: 0
      objectReference: {fileID: 0}
    - target: {fileID: 8529594683643887003, guid: 00d3ff7be499b3748a3b82f1a34aa52e, type: 3}
      propertyPath: m_Color.b
      value: 1
      objectReference: {fileID: 0}
    - target: {fileID: 8529594683643887003, guid: 00d3ff7be499b3748a3b82f1a34aa52e, type: 3}
      propertyPath: m_Color.g
      value: 1
      objectReference: {fileID: 0}
    - target: {fileID: 8529594683643887003, guid: 00d3ff7be499b3748a3b82f1a34aa52e, type: 3}
      propertyPath: m_Color.r
      value: 1
      objectReference: {fileID: 0}
    - target: {fileID: 8529594683839154136, guid: 00d3ff7be499b3748a3b82f1a34aa52e, type: 3}
      propertyPath: m_Padding.m_Top
      value: 50
      objectReference: {fileID: 0}
    - target: {fileID: 8529594683839154136, guid: 00d3ff7be499b3748a3b82f1a34aa52e, type: 3}
      propertyPath: m_Padding.m_Left
      value: 50
      objectReference: {fileID: 0}
    - target: {fileID: 8529594683839154137, guid: 00d3ff7be499b3748a3b82f1a34aa52e, type: 3}
      propertyPath: inventory
      value: 
      objectReference: {fileID: 0}
    - target: {fileID: 8529594683839154138, guid: 00d3ff7be499b3748a3b82f1a34aa52e, type: 3}
      propertyPath: m_Sprite
      value: 
      objectReference: {fileID: 0}
    - target: {fileID: 8529594683839154138, guid: 00d3ff7be499b3748a3b82f1a34aa52e, type: 3}
      propertyPath: m_Color.a
      value: 0
      objectReference: {fileID: 0}
    m_RemovedComponents: []
  m_SourcePrefab: {fileID: 100100000, guid: 00d3ff7be499b3748a3b82f1a34aa52e, type: 3}
--- !u!1001 &1850645303
PrefabInstance:
  m_ObjectHideFlags: 0
  serializedVersion: 2
  m_Modification:
    m_TransformParent: {fileID: 2449600401893499807}
    m_Modifications:
    - target: {fileID: 383396536425986886, guid: be9b498d55019524a8aebdf67237dcf4, type: 3}
      propertyPath: m_LocalScale.x
      value: 0.88
      objectReference: {fileID: 0}
    - target: {fileID: 383396536425986886, guid: be9b498d55019524a8aebdf67237dcf4, type: 3}
      propertyPath: m_LocalScale.y
      value: 0.4
      objectReference: {fileID: 0}
    - target: {fileID: 383396536425986886, guid: be9b498d55019524a8aebdf67237dcf4, type: 3}
      propertyPath: m_LocalScale.z
      value: 0.80520004
      objectReference: {fileID: 0}
    - target: {fileID: 383396536425986886, guid: be9b498d55019524a8aebdf67237dcf4, type: 3}
      propertyPath: m_AnchoredPosition.x
      value: 687
      objectReference: {fileID: 0}
    - target: {fileID: 383396536425986886, guid: be9b498d55019524a8aebdf67237dcf4, type: 3}
      propertyPath: m_AnchoredPosition.y
      value: -408
      objectReference: {fileID: 0}
    - target: {fileID: 1407099841271269208, guid: be9b498d55019524a8aebdf67237dcf4, type: 3}
      propertyPath: m_Pivot.x
      value: 0
      objectReference: {fileID: 0}
    - target: {fileID: 1407099841271269208, guid: be9b498d55019524a8aebdf67237dcf4, type: 3}
      propertyPath: m_Pivot.y
      value: 0
      objectReference: {fileID: 0}
    - target: {fileID: 1407099841271269208, guid: be9b498d55019524a8aebdf67237dcf4, type: 3}
      propertyPath: m_RootOrder
      value: 3
      objectReference: {fileID: 0}
    - target: {fileID: 1407099841271269208, guid: be9b498d55019524a8aebdf67237dcf4, type: 3}
      propertyPath: m_AnchorMax.x
      value: 0
      objectReference: {fileID: 0}
    - target: {fileID: 1407099841271269208, guid: be9b498d55019524a8aebdf67237dcf4, type: 3}
      propertyPath: m_AnchorMax.y
      value: 0
      objectReference: {fileID: 0}
    - target: {fileID: 1407099841271269208, guid: be9b498d55019524a8aebdf67237dcf4, type: 3}
      propertyPath: m_AnchorMin.x
      value: 0
      objectReference: {fileID: 0}
    - target: {fileID: 1407099841271269208, guid: be9b498d55019524a8aebdf67237dcf4, type: 3}
      propertyPath: m_AnchorMin.y
      value: 0
      objectReference: {fileID: 0}
    - target: {fileID: 1407099841271269208, guid: be9b498d55019524a8aebdf67237dcf4, type: 3}
      propertyPath: m_SizeDelta.x
      value: 0
      objectReference: {fileID: 0}
    - target: {fileID: 1407099841271269208, guid: be9b498d55019524a8aebdf67237dcf4, type: 3}
      propertyPath: m_SizeDelta.y
      value: 0
      objectReference: {fileID: 0}
    - target: {fileID: 1407099841271269208, guid: be9b498d55019524a8aebdf67237dcf4, type: 3}
      propertyPath: m_LocalPosition.x
      value: 0
      objectReference: {fileID: 0}
    - target: {fileID: 1407099841271269208, guid: be9b498d55019524a8aebdf67237dcf4, type: 3}
      propertyPath: m_LocalPosition.y
      value: 0
      objectReference: {fileID: 0}
    - target: {fileID: 1407099841271269208, guid: be9b498d55019524a8aebdf67237dcf4, type: 3}
      propertyPath: m_LocalPosition.z
      value: 0
      objectReference: {fileID: 0}
    - target: {fileID: 1407099841271269208, guid: be9b498d55019524a8aebdf67237dcf4, type: 3}
      propertyPath: m_LocalRotation.w
      value: 1
      objectReference: {fileID: 0}
    - target: {fileID: 1407099841271269208, guid: be9b498d55019524a8aebdf67237dcf4, type: 3}
      propertyPath: m_LocalRotation.x
      value: 0
      objectReference: {fileID: 0}
    - target: {fileID: 1407099841271269208, guid: be9b498d55019524a8aebdf67237dcf4, type: 3}
      propertyPath: m_LocalRotation.y
      value: 0
      objectReference: {fileID: 0}
    - target: {fileID: 1407099841271269208, guid: be9b498d55019524a8aebdf67237dcf4, type: 3}
      propertyPath: m_LocalRotation.z
      value: 0
      objectReference: {fileID: 0}
    - target: {fileID: 1407099841271269208, guid: be9b498d55019524a8aebdf67237dcf4, type: 3}
      propertyPath: m_AnchoredPosition.x
      value: 0
      objectReference: {fileID: 0}
    - target: {fileID: 1407099841271269208, guid: be9b498d55019524a8aebdf67237dcf4, type: 3}
      propertyPath: m_AnchoredPosition.y
      value: 0
      objectReference: {fileID: 0}
    - target: {fileID: 1407099841271269208, guid: be9b498d55019524a8aebdf67237dcf4, type: 3}
      propertyPath: m_LocalEulerAnglesHint.x
      value: 0
      objectReference: {fileID: 0}
    - target: {fileID: 1407099841271269208, guid: be9b498d55019524a8aebdf67237dcf4, type: 3}
      propertyPath: m_LocalEulerAnglesHint.y
      value: 0
      objectReference: {fileID: 0}
    - target: {fileID: 1407099841271269208, guid: be9b498d55019524a8aebdf67237dcf4, type: 3}
      propertyPath: m_LocalEulerAnglesHint.z
      value: 0
      objectReference: {fileID: 0}
    - target: {fileID: 1973307874494249922, guid: be9b498d55019524a8aebdf67237dcf4, type: 3}
      propertyPath: m_UiScaleMode
      value: 1
      objectReference: {fileID: 0}
    - target: {fileID: 2282974321989428633, guid: be9b498d55019524a8aebdf67237dcf4, type: 3}
      propertyPath: m_Colors.m_SelectedColor.b
      value: 0
      objectReference: {fileID: 0}
    - target: {fileID: 2282974321989428633, guid: be9b498d55019524a8aebdf67237dcf4, type: 3}
      propertyPath: m_Colors.m_SelectedColor.g
      value: 0
      objectReference: {fileID: 0}
    - target: {fileID: 2282974321989428633, guid: be9b498d55019524a8aebdf67237dcf4, type: 3}
      propertyPath: m_Colors.m_SelectedColor.r
      value: 0.9056604
      objectReference: {fileID: 0}
    - target: {fileID: 4110787877987672501, guid: be9b498d55019524a8aebdf67237dcf4, type: 3}
      propertyPath: m_LocalScale.x
      value: 2
      objectReference: {fileID: 0}
    - target: {fileID: 4110787877987672501, guid: be9b498d55019524a8aebdf67237dcf4, type: 3}
      propertyPath: m_LocalScale.y
      value: 1.0733752
      objectReference: {fileID: 0}
    - target: {fileID: 4110787877987672501, guid: be9b498d55019524a8aebdf67237dcf4, type: 3}
      propertyPath: m_LocalScale.z
      value: 1.0733752
      objectReference: {fileID: 0}
    - target: {fileID: 4110787877987672501, guid: be9b498d55019524a8aebdf67237dcf4, type: 3}
      propertyPath: m_ConstrainProportionsScale
      value: 1
      objectReference: {fileID: 0}
    - target: {fileID: 8232794485743220880, guid: be9b498d55019524a8aebdf67237dcf4, type: 3}
      propertyPath: m_Name
      value: Pausepanel
      objectReference: {fileID: 0}
    m_RemovedComponents: []
  m_SourcePrefab: {fileID: 100100000, guid: be9b498d55019524a8aebdf67237dcf4, type: 3}
--- !u!224 &1407099841702861935 stripped
RectTransform:
  m_CorrespondingSourceObject: {fileID: 1407099841271269208, guid: be9b498d55019524a8aebdf67237dcf4, type: 3}
  m_PrefabInstance: {fileID: 1850645303}
  m_PrefabAsset: {fileID: 0}
--- !u!1001 &2203597785561336961
PrefabInstance:
  m_ObjectHideFlags: 0
  serializedVersion: 2
  m_Modification:
    m_TransformParent: {fileID: 2449600401893499807}
    m_Modifications:
    - target: {fileID: 2203597784626551952, guid: 8eaf1682b047f3244a8b3f357a878258, type: 3}
      propertyPath: m_Pivot.x
      value: 0
      objectReference: {fileID: 0}
    - target: {fileID: 2203597784626551952, guid: 8eaf1682b047f3244a8b3f357a878258, type: 3}
      propertyPath: m_Pivot.y
      value: 0
      objectReference: {fileID: 0}
    - target: {fileID: 2203597784626551952, guid: 8eaf1682b047f3244a8b3f357a878258, type: 3}
      propertyPath: m_RootOrder
      value: 5
      objectReference: {fileID: 0}
    - target: {fileID: 2203597784626551952, guid: 8eaf1682b047f3244a8b3f357a878258, type: 3}
      propertyPath: m_AnchorMax.x
      value: 0
      objectReference: {fileID: 0}
    - target: {fileID: 2203597784626551952, guid: 8eaf1682b047f3244a8b3f357a878258, type: 3}
      propertyPath: m_AnchorMax.y
      value: 0
      objectReference: {fileID: 0}
    - target: {fileID: 2203597784626551952, guid: 8eaf1682b047f3244a8b3f357a878258, type: 3}
      propertyPath: m_AnchorMin.x
      value: 0
      objectReference: {fileID: 0}
    - target: {fileID: 2203597784626551952, guid: 8eaf1682b047f3244a8b3f357a878258, type: 3}
      propertyPath: m_AnchorMin.y
      value: 0
      objectReference: {fileID: 0}
    - target: {fileID: 2203597784626551952, guid: 8eaf1682b047f3244a8b3f357a878258, type: 3}
      propertyPath: m_SizeDelta.x
      value: 0
      objectReference: {fileID: 0}
    - target: {fileID: 2203597784626551952, guid: 8eaf1682b047f3244a8b3f357a878258, type: 3}
      propertyPath: m_SizeDelta.y
      value: 0
      objectReference: {fileID: 0}
    - target: {fileID: 2203597784626551952, guid: 8eaf1682b047f3244a8b3f357a878258, type: 3}
      propertyPath: m_LocalScale.x
      value: 0
      objectReference: {fileID: 0}
    - target: {fileID: 2203597784626551952, guid: 8eaf1682b047f3244a8b3f357a878258, type: 3}
      propertyPath: m_LocalScale.y
      value: 0
      objectReference: {fileID: 0}
    - target: {fileID: 2203597784626551952, guid: 8eaf1682b047f3244a8b3f357a878258, type: 3}
      propertyPath: m_LocalScale.z
      value: 0
      objectReference: {fileID: 0}
    - target: {fileID: 2203597784626551952, guid: 8eaf1682b047f3244a8b3f357a878258, type: 3}
      propertyPath: m_LocalPosition.x
      value: 0
      objectReference: {fileID: 0}
    - target: {fileID: 2203597784626551952, guid: 8eaf1682b047f3244a8b3f357a878258, type: 3}
      propertyPath: m_LocalPosition.y
      value: 0
      objectReference: {fileID: 0}
    - target: {fileID: 2203597784626551952, guid: 8eaf1682b047f3244a8b3f357a878258, type: 3}
      propertyPath: m_LocalPosition.z
      value: 0
      objectReference: {fileID: 0}
    - target: {fileID: 2203597784626551952, guid: 8eaf1682b047f3244a8b3f357a878258, type: 3}
      propertyPath: m_LocalRotation.w
      value: 1
      objectReference: {fileID: 0}
    - target: {fileID: 2203597784626551952, guid: 8eaf1682b047f3244a8b3f357a878258, type: 3}
      propertyPath: m_LocalRotation.x
      value: 0
      objectReference: {fileID: 0}
    - target: {fileID: 2203597784626551952, guid: 8eaf1682b047f3244a8b3f357a878258, type: 3}
      propertyPath: m_LocalRotation.y
      value: 0
      objectReference: {fileID: 0}
    - target: {fileID: 2203597784626551952, guid: 8eaf1682b047f3244a8b3f357a878258, type: 3}
      propertyPath: m_LocalRotation.z
      value: 0
      objectReference: {fileID: 0}
    - target: {fileID: 2203597784626551952, guid: 8eaf1682b047f3244a8b3f357a878258, type: 3}
      propertyPath: m_AnchoredPosition.x
      value: 0
      objectReference: {fileID: 0}
    - target: {fileID: 2203597784626551952, guid: 8eaf1682b047f3244a8b3f357a878258, type: 3}
      propertyPath: m_AnchoredPosition.y
      value: 0
      objectReference: {fileID: 0}
    - target: {fileID: 2203597784626551952, guid: 8eaf1682b047f3244a8b3f357a878258, type: 3}
      propertyPath: m_LocalEulerAnglesHint.x
      value: 0
      objectReference: {fileID: 0}
    - target: {fileID: 2203597784626551952, guid: 8eaf1682b047f3244a8b3f357a878258, type: 3}
      propertyPath: m_LocalEulerAnglesHint.y
      value: 0
      objectReference: {fileID: 0}
    - target: {fileID: 2203597784626551952, guid: 8eaf1682b047f3244a8b3f357a878258, type: 3}
      propertyPath: m_LocalEulerAnglesHint.z
      value: 0
      objectReference: {fileID: 0}
    - target: {fileID: 2203597784626551953, guid: 8eaf1682b047f3244a8b3f357a878258, type: 3}
      propertyPath: m_Camera
      value: 
      objectReference: {fileID: 0}
    - target: {fileID: 2203597784626551953, guid: 8eaf1682b047f3244a8b3f357a878258, type: 3}
      propertyPath: m_RenderMode
      value: 1
      objectReference: {fileID: 0}
    - target: {fileID: 2203597784626551954, guid: 8eaf1682b047f3244a8b3f357a878258, type: 3}
      propertyPath: m_PresetInfoIsWorld
      value: 0
      objectReference: {fileID: 0}
    - target: {fileID: 2203597784626551964, guid: 8eaf1682b047f3244a8b3f357a878258, type: 3}
      propertyPath: m_Enabled
      value: 0
      objectReference: {fileID: 0}
    - target: {fileID: 2203597784626551965, guid: 8eaf1682b047f3244a8b3f357a878258, type: 3}
      propertyPath: m_Name
      value: Tutorial UI
      objectReference: {fileID: 0}
    - target: {fileID: 2203597786028768145, guid: 8eaf1682b047f3244a8b3f357a878258, type: 3}
      propertyPath: m_text
      value: "\u30ED\u30DC\u30C3\u30C8"
      objectReference: {fileID: 0}
    - target: {fileID: 2203597786028768145, guid: 8eaf1682b047f3244a8b3f357a878258, type: 3}
      propertyPath: m_fontSize
      value: 45
      objectReference: {fileID: 0}
    - target: {fileID: 2203597786028768145, guid: 8eaf1682b047f3244a8b3f357a878258, type: 3}
      propertyPath: m_margin.x
      value: -860.2622
      objectReference: {fileID: 0}
    - target: {fileID: 2203597786028768145, guid: 8eaf1682b047f3244a8b3f357a878258, type: 3}
      propertyPath: m_margin.y
      value: -101.145615
      objectReference: {fileID: 0}
    - target: {fileID: 2203597786028768145, guid: 8eaf1682b047f3244a8b3f357a878258, type: 3}
      propertyPath: m_margin.z
      value: -860.8799
      objectReference: {fileID: 0}
    - target: {fileID: 2203597786028768145, guid: 8eaf1682b047f3244a8b3f357a878258, type: 3}
      propertyPath: m_fontAsset
      value: 
      objectReference: {fileID: 11400000, guid: 0f6993859d940544eb360dbb30d1f327, type: 2}
    - target: {fileID: 2203597786028768145, guid: 8eaf1682b047f3244a8b3f357a878258, type: 3}
      propertyPath: m_fontSizeBase
      value: 45
      objectReference: {fileID: 0}
    - target: {fileID: 2203597786028768145, guid: 8eaf1682b047f3244a8b3f357a878258, type: 3}
      propertyPath: m_sharedMaterial
      value: 
      objectReference: {fileID: -911694636112227010, guid: 0f6993859d940544eb360dbb30d1f327, type: 2}
    - target: {fileID: 2203597786028768146, guid: 8eaf1682b047f3244a8b3f357a878258, type: 3}
      propertyPath: m_RootOrder
      value: 1
      objectReference: {fileID: 0}
    - target: {fileID: 2203597786028768146, guid: 8eaf1682b047f3244a8b3f357a878258, type: 3}
      propertyPath: m_AnchoredPosition.y
      value: 265
      objectReference: {fileID: 0}
    - target: {fileID: 8502089385691556257, guid: 8eaf1682b047f3244a8b3f357a878258, type: 3}
      propertyPath: m_RootOrder
      value: 0
      objectReference: {fileID: 0}
    - target: {fileID: 8502089385691556257, guid: 8eaf1682b047f3244a8b3f357a878258, type: 3}
      propertyPath: m_AnchorMax.x
      value: 0.81949437
      objectReference: {fileID: 0}
    - target: {fileID: 8502089385691556257, guid: 8eaf1682b047f3244a8b3f357a878258, type: 3}
      propertyPath: m_AnchorMax.y
      value: 0.7112101
      objectReference: {fileID: 0}
    - target: {fileID: 8502089385691556257, guid: 8eaf1682b047f3244a8b3f357a878258, type: 3}
      propertyPath: m_AnchorMin.x
      value: 0.673588
      objectReference: {fileID: 0}
    - target: {fileID: 8502089385691556257, guid: 8eaf1682b047f3244a8b3f357a878258, type: 3}
      propertyPath: m_AnchorMin.y
      value: 0.53359735
      objectReference: {fileID: 0}
    - target: {fileID: 8502089385691556257, guid: 8eaf1682b047f3244a8b3f357a878258, type: 3}
      propertyPath: m_SizeDelta.x
      value: -0.14219102
      objectReference: {fileID: 0}
    - target: {fileID: 8502089385691556257, guid: 8eaf1682b047f3244a8b3f357a878258, type: 3}
      propertyPath: m_SizeDelta.y
      value: -0.22362825
      objectReference: {fileID: 0}
    - target: {fileID: 8502089385691556257, guid: 8eaf1682b047f3244a8b3f357a878258, type: 3}
      propertyPath: m_AnchoredPosition.x
      value: -0.028900146
      objectReference: {fileID: 0}
    - target: {fileID: 8502089385691556257, guid: 8eaf1682b047f3244a8b3f357a878258, type: 3}
      propertyPath: m_AnchoredPosition.y
      value: 0.063323975
      objectReference: {fileID: 0}
    m_RemovedComponents: []
  m_SourcePrefab: {fileID: 100100000, guid: 8eaf1682b047f3244a8b3f357a878258, type: 3}
--- !u!224 &1220038673 stripped
RectTransform:
  m_CorrespondingSourceObject: {fileID: 2203597784626551952, guid: 8eaf1682b047f3244a8b3f357a878258, type: 3}
  m_PrefabInstance: {fileID: 2203597785561336961}
  m_PrefabAsset: {fileID: 0}
--- !u!1001 &5767923882165948207
PrefabInstance:
  m_ObjectHideFlags: 0
  serializedVersion: 2
  m_Modification:
    m_TransformParent: {fileID: 2449600401893499807}
    m_Modifications:
    - target: {fileID: 1924965746, guid: 807ce2a7853384d40891dae22930d68b, type: 3}
      propertyPath: m_LocalRotation.w
      value: 0.9999975
      objectReference: {fileID: 0}
    - target: {fileID: 1924965746, guid: 807ce2a7853384d40891dae22930d68b, type: 3}
      propertyPath: m_LocalRotation.z
      value: 0.0022639877
      objectReference: {fileID: 0}
    - target: {fileID: 1924965746, guid: 807ce2a7853384d40891dae22930d68b, type: 3}
      propertyPath: m_AnchoredPosition.x
      value: -46.599995
      objectReference: {fileID: 0}
    - target: {fileID: 1924965746, guid: 807ce2a7853384d40891dae22930d68b, type: 3}
      propertyPath: m_AnchoredPosition.y
      value: -54.500008
      objectReference: {fileID: 0}
    - target: {fileID: 1924965746, guid: 807ce2a7853384d40891dae22930d68b, type: 3}
      propertyPath: m_LocalEulerAnglesHint.z
      value: 0.259
      objectReference: {fileID: 0}
    - target: {fileID: 23350990473487972, guid: 807ce2a7853384d40891dae22930d68b, type: 3}
      propertyPath: m_SizeDelta.y
      value: 33.780014
      objectReference: {fileID: 0}
    - target: {fileID: 23350990473487972, guid: 807ce2a7853384d40891dae22930d68b, type: 3}
      propertyPath: m_AnchoredPosition.y
      value: 13.819992
      objectReference: {fileID: 0}
    - target: {fileID: 319617390883305144, guid: 807ce2a7853384d40891dae22930d68b, type: 3}
      propertyPath: m_AnchorMax.x
      value: 0
      objectReference: {fileID: 0}
    - target: {fileID: 319617390883305144, guid: 807ce2a7853384d40891dae22930d68b, type: 3}
      propertyPath: m_AnchorMax.y
      value: 0
      objectReference: {fileID: 0}
    - target: {fileID: 319617390883305144, guid: 807ce2a7853384d40891dae22930d68b, type: 3}
      propertyPath: m_SizeDelta.x
      value: 9.850001
      objectReference: {fileID: 0}
    - target: {fileID: 319617390883305144, guid: 807ce2a7853384d40891dae22930d68b, type: 3}
      propertyPath: m_LocalScale.x
      value: 0.6
      objectReference: {fileID: 0}
    - target: {fileID: 319617390883305144, guid: 807ce2a7853384d40891dae22930d68b, type: 3}
      propertyPath: m_LocalScale.y
      value: 0.2
      objectReference: {fileID: 0}
    - target: {fileID: 319617390883305144, guid: 807ce2a7853384d40891dae22930d68b, type: 3}
      propertyPath: m_LocalScale.z
      value: 1
      objectReference: {fileID: 0}
    - target: {fileID: 319617390883305144, guid: 807ce2a7853384d40891dae22930d68b, type: 3}
      propertyPath: m_AnchoredPosition.x
      value: -4.925003
      objectReference: {fileID: 0}
    - target: {fileID: 319617390883305144, guid: 807ce2a7853384d40891dae22930d68b, type: 3}
      propertyPath: m_AnchoredPosition.y
      value: 0
      objectReference: {fileID: 0}
    - target: {fileID: 430286838708977300, guid: 807ce2a7853384d40891dae22930d68b, type: 3}
      propertyPath: m_LocalScale.x
      value: 0.45379177
      objectReference: {fileID: 0}
    - target: {fileID: 430286838708977300, guid: 807ce2a7853384d40891dae22930d68b, type: 3}
      propertyPath: m_AnchoredPosition.x
      value: -3.2
      objectReference: {fileID: 0}
    - target: {fileID: 430286838708977300, guid: 807ce2a7853384d40891dae22930d68b, type: 3}
      propertyPath: m_AnchoredPosition.y
      value: -49.2
      objectReference: {fileID: 0}
    - target: {fileID: 1844763351074829718, guid: 807ce2a7853384d40891dae22930d68b, type: 3}
      propertyPath: m_Value
      value: 0
      objectReference: {fileID: 0}
    - target: {fileID: 1844763351074829718, guid: 807ce2a7853384d40891dae22930d68b, type: 3}
      propertyPath: m_Navigation.m_Mode
      value: 0
      objectReference: {fileID: 0}
    - target: {fileID: 2233297603199785111, guid: 807ce2a7853384d40891dae22930d68b, type: 3}
      propertyPath: m_Sprite
      value: 
      objectReference: {fileID: 21300000, guid: dc18cb6544d21a448a100930fe45c82a, type: 3}
    - target: {fileID: 2286601463405051703, guid: 807ce2a7853384d40891dae22930d68b, type: 3}
      propertyPath: m_Name
      value: UI_Test
      objectReference: {fileID: 0}
    - target: {fileID: 2286601463405051707, guid: 807ce2a7853384d40891dae22930d68b, type: 3}
      propertyPath: m_Pivot.x
      value: 0
      objectReference: {fileID: 0}
    - target: {fileID: 2286601463405051707, guid: 807ce2a7853384d40891dae22930d68b, type: 3}
      propertyPath: m_Pivot.y
      value: 0
      objectReference: {fileID: 0}
    - target: {fileID: 2286601463405051707, guid: 807ce2a7853384d40891dae22930d68b, type: 3}
      propertyPath: m_RootOrder
      value: 1
      objectReference: {fileID: 0}
    - target: {fileID: 2286601463405051707, guid: 807ce2a7853384d40891dae22930d68b, type: 3}
      propertyPath: m_AnchorMax.x
      value: 0
      objectReference: {fileID: 0}
    - target: {fileID: 2286601463405051707, guid: 807ce2a7853384d40891dae22930d68b, type: 3}
      propertyPath: m_AnchorMax.y
      value: 0
      objectReference: {fileID: 0}
    - target: {fileID: 2286601463405051707, guid: 807ce2a7853384d40891dae22930d68b, type: 3}
      propertyPath: m_AnchorMin.x
      value: 0
      objectReference: {fileID: 0}
    - target: {fileID: 2286601463405051707, guid: 807ce2a7853384d40891dae22930d68b, type: 3}
      propertyPath: m_AnchorMin.y
      value: 0
      objectReference: {fileID: 0}
    - target: {fileID: 2286601463405051707, guid: 807ce2a7853384d40891dae22930d68b, type: 3}
      propertyPath: m_SizeDelta.x
      value: 0
      objectReference: {fileID: 0}
    - target: {fileID: 2286601463405051707, guid: 807ce2a7853384d40891dae22930d68b, type: 3}
      propertyPath: m_SizeDelta.y
      value: 0
      objectReference: {fileID: 0}
    - target: {fileID: 2286601463405051707, guid: 807ce2a7853384d40891dae22930d68b, type: 3}
      propertyPath: m_LocalPosition.x
      value: 0
      objectReference: {fileID: 0}
    - target: {fileID: 2286601463405051707, guid: 807ce2a7853384d40891dae22930d68b, type: 3}
      propertyPath: m_LocalPosition.y
      value: 0
      objectReference: {fileID: 0}
    - target: {fileID: 2286601463405051707, guid: 807ce2a7853384d40891dae22930d68b, type: 3}
      propertyPath: m_LocalPosition.z
      value: 0
      objectReference: {fileID: 0}
    - target: {fileID: 2286601463405051707, guid: 807ce2a7853384d40891dae22930d68b, type: 3}
      propertyPath: m_LocalRotation.w
      value: 1
      objectReference: {fileID: 0}
    - target: {fileID: 2286601463405051707, guid: 807ce2a7853384d40891dae22930d68b, type: 3}
      propertyPath: m_LocalRotation.x
      value: 0
      objectReference: {fileID: 0}
    - target: {fileID: 2286601463405051707, guid: 807ce2a7853384d40891dae22930d68b, type: 3}
      propertyPath: m_LocalRotation.y
      value: 0
      objectReference: {fileID: 0}
    - target: {fileID: 2286601463405051707, guid: 807ce2a7853384d40891dae22930d68b, type: 3}
      propertyPath: m_LocalRotation.z
      value: 0
      objectReference: {fileID: 0}
    - target: {fileID: 2286601463405051707, guid: 807ce2a7853384d40891dae22930d68b, type: 3}
      propertyPath: m_AnchoredPosition.x
      value: 0
      objectReference: {fileID: 0}
    - target: {fileID: 2286601463405051707, guid: 807ce2a7853384d40891dae22930d68b, type: 3}
      propertyPath: m_AnchoredPosition.y
      value: 0
      objectReference: {fileID: 0}
    - target: {fileID: 2286601463405051707, guid: 807ce2a7853384d40891dae22930d68b, type: 3}
      propertyPath: m_LocalEulerAnglesHint.x
      value: 0
      objectReference: {fileID: 0}
    - target: {fileID: 2286601463405051707, guid: 807ce2a7853384d40891dae22930d68b, type: 3}
      propertyPath: m_LocalEulerAnglesHint.y
      value: 0
      objectReference: {fileID: 0}
    - target: {fileID: 2286601463405051707, guid: 807ce2a7853384d40891dae22930d68b, type: 3}
      propertyPath: m_LocalEulerAnglesHint.z
      value: 0
      objectReference: {fileID: 0}
    - target: {fileID: 2286601464879712610, guid: 807ce2a7853384d40891dae22930d68b, type: 3}
      propertyPath: m_LocalScale.y
      value: 1
      objectReference: {fileID: 0}
    - target: {fileID: 2286601464879712611, guid: 807ce2a7853384d40891dae22930d68b, type: 3}
      propertyPath: m_Sprite
      value: 
      objectReference: {fileID: 21300000, guid: 22d7f00c390cb5349b28e49627fdbff7, type: 3}
    - target: {fileID: 2286601464921468469, guid: 807ce2a7853384d40891dae22930d68b, type: 3}
      propertyPath: m_AnchoredPosition.x
      value: -256
      objectReference: {fileID: 0}
    - target: {fileID: 2286601464921468469, guid: 807ce2a7853384d40891dae22930d68b, type: 3}
      propertyPath: m_AnchoredPosition.y
      value: -141
      objectReference: {fileID: 0}
    - target: {fileID: 2286601464921468470, guid: 807ce2a7853384d40891dae22930d68b, type: 3}
      propertyPath: m_Sprite
      value: 
      objectReference: {fileID: 21300000, guid: 46ae757d577dd6b4f87ed20da73fd4f2, type: 3}
    - target: {fileID: 2946879471375505530, guid: 807ce2a7853384d40891dae22930d68b, type: 3}
      propertyPath: m_AnchorMax.x
      value: 0
      objectReference: {fileID: 0}
    - target: {fileID: 2946879471375505530, guid: 807ce2a7853384d40891dae22930d68b, type: 3}
      propertyPath: m_AnchorMax.y
      value: 0
      objectReference: {fileID: 0}
    - target: {fileID: 2946879471375505530, guid: 807ce2a7853384d40891dae22930d68b, type: 3}
      propertyPath: m_AnchorMin.y
      value: 0
      objectReference: {fileID: 0}
    - target: {fileID: 3444021608261423230, guid: 807ce2a7853384d40891dae22930d68b, type: 3}
      propertyPath: m_IsActive
      value: 1
      objectReference: {fileID: 0}
    - target: {fileID: 3929870600332453541, guid: 807ce2a7853384d40891dae22930d68b, type: 3}
      propertyPath: m_Sprite
      value: 
      objectReference: {fileID: 21300000, guid: ad67143881d48b448ae80ccd3aa74ddf, type: 3}
    - target: {fileID: 3929870600332453541, guid: 807ce2a7853384d40891dae22930d68b, type: 3}
      propertyPath: m_Color.b
      value: 0.04150939
      objectReference: {fileID: 0}
    - target: {fileID: 3929870600332453541, guid: 807ce2a7853384d40891dae22930d68b, type: 3}
      propertyPath: m_Color.g
      value: 0.04150939
      objectReference: {fileID: 0}
    - target: {fileID: 3929870600332453541, guid: 807ce2a7853384d40891dae22930d68b, type: 3}
      propertyPath: m_FillAmount
      value: 1
      objectReference: {fileID: 0}
    - target: {fileID: 3929870600332453541, guid: 807ce2a7853384d40891dae22930d68b, type: 3}
      propertyPath: m_FillMethod
      value: 3
      objectReference: {fileID: 0}
    - target: {fileID: 3929870600332453541, guid: 807ce2a7853384d40891dae22930d68b, type: 3}
      propertyPath: m_FillOrigin
      value: 2
      objectReference: {fileID: 0}
    - target: {fileID: 3929870600332453541, guid: 807ce2a7853384d40891dae22930d68b, type: 3}
      propertyPath: m_FillClockwise
      value: 0
      objectReference: {fileID: 0}
    - target: {fileID: 4551822779115321593, guid: 807ce2a7853384d40891dae22930d68b, type: 3}
      propertyPath: m_AnchorMax.x
      value: 0
      objectReference: {fileID: 0}
    - target: {fileID: 4551822779115321593, guid: 807ce2a7853384d40891dae22930d68b, type: 3}
      propertyPath: m_AnchorMax.y
      value: 0
      objectReference: {fileID: 0}
    - target: {fileID: 4551822779115321593, guid: 807ce2a7853384d40891dae22930d68b, type: 3}
      propertyPath: m_SizeDelta.x
      value: 9.849991
      objectReference: {fileID: 0}
    - target: {fileID: 4551822779115321593, guid: 807ce2a7853384d40891dae22930d68b, type: 3}
      propertyPath: m_LocalScale.x
      value: 0.6
      objectReference: {fileID: 0}
    - target: {fileID: 4551822779115321593, guid: 807ce2a7853384d40891dae22930d68b, type: 3}
      propertyPath: m_LocalScale.y
      value: 0.2
      objectReference: {fileID: 0}
    - target: {fileID: 4551822779115321593, guid: 807ce2a7853384d40891dae22930d68b, type: 3}
      propertyPath: m_LocalScale.z
      value: 1
      objectReference: {fileID: 0}
    - target: {fileID: 4551822779115321593, guid: 807ce2a7853384d40891dae22930d68b, type: 3}
      propertyPath: m_AnchoredPosition.x
      value: -4.9249954
      objectReference: {fileID: 0}
    - target: {fileID: 4551822779115321593, guid: 807ce2a7853384d40891dae22930d68b, type: 3}
      propertyPath: m_AnchoredPosition.y
      value: 0
      objectReference: {fileID: 0}
    - target: {fileID: 4955191175120039808, guid: 807ce2a7853384d40891dae22930d68b, type: 3}
      propertyPath: m_LocalRotation.w
      value: 1
      objectReference: {fileID: 0}
    - target: {fileID: 4955191175120039808, guid: 807ce2a7853384d40891dae22930d68b, type: 3}
      propertyPath: m_LocalRotation.x
      value: 0
      objectReference: {fileID: 0}
    - target: {fileID: 4955191175120039808, guid: 807ce2a7853384d40891dae22930d68b, type: 3}
      propertyPath: m_LocalRotation.y
      value: 0
      objectReference: {fileID: 0}
    - target: {fileID: 4955191175120039808, guid: 807ce2a7853384d40891dae22930d68b, type: 3}
      propertyPath: m_LocalRotation.z
      value: 0
      objectReference: {fileID: 0}
    - target: {fileID: 4955191175120039808, guid: 807ce2a7853384d40891dae22930d68b, type: 3}
      propertyPath: m_AnchoredPosition.x
      value: 10
      objectReference: {fileID: 0}
    - target: {fileID: 4955191175120039808, guid: 807ce2a7853384d40891dae22930d68b, type: 3}
      propertyPath: m_AnchoredPosition.y
      value: 0.057497025
      objectReference: {fileID: 0}
    - target: {fileID: 4955191175120039808, guid: 807ce2a7853384d40891dae22930d68b, type: 3}
      propertyPath: m_LocalEulerAnglesHint.y
      value: 0
      objectReference: {fileID: 0}
    - target: {fileID: 5374405117045588380, guid: 807ce2a7853384d40891dae22930d68b, type: 3}
      propertyPath: m_Sprite
      value: 
      objectReference: {fileID: 0}
    - target: {fileID: 5374405117045588380, guid: 807ce2a7853384d40891dae22930d68b, type: 3}
      propertyPath: m_Color.a
      value: 0
      objectReference: {fileID: 0}
    - target: {fileID: 5374405117045588380, guid: 807ce2a7853384d40891dae22930d68b, type: 3}
      propertyPath: m_Color.b
      value: 1
      objectReference: {fileID: 0}
    - target: {fileID: 5374405117045588380, guid: 807ce2a7853384d40891dae22930d68b, type: 3}
      propertyPath: m_Color.g
      value: 1
      objectReference: {fileID: 0}
    - target: {fileID: 5374405117045588380, guid: 807ce2a7853384d40891dae22930d68b, type: 3}
      propertyPath: m_Color.r
      value: 1
      objectReference: {fileID: 0}
    - target: {fileID: 5631172433831997433, guid: 807ce2a7853384d40891dae22930d68b, type: 3}
      propertyPath: m_LocalScale.x
      value: 0.56189
      objectReference: {fileID: 0}
    - target: {fileID: 5631172433831997433, guid: 807ce2a7853384d40891dae22930d68b, type: 3}
      propertyPath: m_LocalScale.y
      value: 0.21978301
      objectReference: {fileID: 0}
    - target: {fileID: 5631172433831997433, guid: 807ce2a7853384d40891dae22930d68b, type: 3}
      propertyPath: m_AnchoredPosition.x
      value: 5.300003
      objectReference: {fileID: 0}
    - target: {fileID: 5631172433831997433, guid: 807ce2a7853384d40891dae22930d68b, type: 3}
      propertyPath: m_AnchoredPosition.y
      value: 0.039000034
      objectReference: {fileID: 0}
    - target: {fileID: 6174050634408629336, guid: 807ce2a7853384d40891dae22930d68b, type: 3}
      propertyPath: m_AnchoredPosition.y
      value: -60
      objectReference: {fileID: 0}
    - target: {fileID: 6174050634408629339, guid: 807ce2a7853384d40891dae22930d68b, type: 3}
      propertyPath: m_Value
      value: 1
      objectReference: {fileID: 0}
    - target: {fileID: 6174050634408629339, guid: 807ce2a7853384d40891dae22930d68b, type: 3}
      propertyPath: m_Navigation.m_Mode
      value: 0
      objectReference: {fileID: 0}
    - target: {fileID: 6174050634455787114, guid: 807ce2a7853384d40891dae22930d68b, type: 3}
      propertyPath: m_AnchorMax.x
      value: 0.75
      objectReference: {fileID: 0}
    - target: {fileID: 6174050634455787114, guid: 807ce2a7853384d40891dae22930d68b, type: 3}
      propertyPath: m_AnchorMin.x
      value: 0.25
      objectReference: {fileID: 0}
    - target: {fileID: 6174050634455787114, guid: 807ce2a7853384d40891dae22930d68b, type: 3}
      propertyPath: m_SizeDelta.x
      value: 8.400001
      objectReference: {fileID: 0}
    - target: {fileID: 6174050634455787114, guid: 807ce2a7853384d40891dae22930d68b, type: 3}
      propertyPath: m_AnchoredPosition.x
      value: -22.7
      objectReference: {fileID: 0}
    - target: {fileID: 6174050634455787114, guid: 807ce2a7853384d40891dae22930d68b, type: 3}
      propertyPath: m_AnchoredPosition.y
      value: -8.599998
      objectReference: {fileID: 0}
    - target: {fileID: 6174050634788261974, guid: 807ce2a7853384d40891dae22930d68b, type: 3}
      propertyPath: m_AnchorMax.x
      value: 0
      objectReference: {fileID: 0}
    - target: {fileID: 6174050634788261974, guid: 807ce2a7853384d40891dae22930d68b, type: 3}
      propertyPath: m_AnchorMax.y
      value: 0
      objectReference: {fileID: 0}
    - target: {fileID: 6174050634788261974, guid: 807ce2a7853384d40891dae22930d68b, type: 3}
      propertyPath: m_AnchoredPosition.x
      value: 5.3999977
      objectReference: {fileID: 0}
    - target: {fileID: 6174050634788261974, guid: 807ce2a7853384d40891dae22930d68b, type: 3}
      propertyPath: m_AnchoredPosition.y
      value: -0.19999695
      objectReference: {fileID: 0}
    - target: {fileID: 6174050634788261977, guid: 807ce2a7853384d40891dae22930d68b, type: 3}
      propertyPath: m_FillAmount
      value: 0.0001
      objectReference: {fileID: 0}
    - target: {fileID: 6174050635250367020, guid: 807ce2a7853384d40891dae22930d68b, type: 3}
      propertyPath: m_AnchorMax.x
      value: 0.75
      objectReference: {fileID: 0}
    - target: {fileID: 6174050635250367020, guid: 807ce2a7853384d40891dae22930d68b, type: 3}
      propertyPath: m_AnchorMin.x
      value: 0.25
      objectReference: {fileID: 0}
    - target: {fileID: 6174050635250367020, guid: 807ce2a7853384d40891dae22930d68b, type: 3}
      propertyPath: m_SizeDelta.x
      value: 99.20002
      objectReference: {fileID: 0}
    - target: {fileID: 6174050635250367020, guid: 807ce2a7853384d40891dae22930d68b, type: 3}
      propertyPath: m_AnchoredPosition.y
      value: -4.5003357
      objectReference: {fileID: 0}
    - target: {fileID: 6516022911159117591, guid: 807ce2a7853384d40891dae22930d68b, type: 3}
      propertyPath: m_IsActive
      value: 0
      objectReference: {fileID: 0}
    - target: {fileID: 6531787251377000568, guid: 807ce2a7853384d40891dae22930d68b, type: 3}
      propertyPath: m_IsActive
      value: 1
      objectReference: {fileID: 0}
    - target: {fileID: 6943330139725693152, guid: 807ce2a7853384d40891dae22930d68b, type: 3}
      propertyPath: m_LocalScale.x
      value: 0.45379177
      objectReference: {fileID: 0}
    - target: {fileID: 6943330139725693152, guid: 807ce2a7853384d40891dae22930d68b, type: 3}
      propertyPath: m_AnchoredPosition.x
      value: -3.2
      objectReference: {fileID: 0}
    - target: {fileID: 6943330139725693152, guid: 807ce2a7853384d40891dae22930d68b, type: 3}
      propertyPath: m_AnchoredPosition.y
      value: -49.2
      objectReference: {fileID: 0}
    - target: {fileID: 7645632570816291067, guid: 807ce2a7853384d40891dae22930d68b, type: 3}
      propertyPath: m_Navigation.m_Mode
      value: 0
      objectReference: {fileID: 0}
    - target: {fileID: 7646328486785321970, guid: 807ce2a7853384d40891dae22930d68b, type: 3}
      propertyPath: m_Sprite
      value: 
      objectReference: {fileID: 21300000, guid: ad67143881d48b448ae80ccd3aa74ddf, type: 3}
    - target: {fileID: 7646328486785321970, guid: 807ce2a7853384d40891dae22930d68b, type: 3}
      propertyPath: m_FillAmount
      value: 1
      objectReference: {fileID: 0}
    - target: {fileID: 7646328486785321970, guid: 807ce2a7853384d40891dae22930d68b, type: 3}
      propertyPath: m_FillMethod
      value: 3
      objectReference: {fileID: 0}
    - target: {fileID: 7646328486785321970, guid: 807ce2a7853384d40891dae22930d68b, type: 3}
      propertyPath: m_FillOrigin
      value: 2
      objectReference: {fileID: 0}
    - target: {fileID: 7646328486785321970, guid: 807ce2a7853384d40891dae22930d68b, type: 3}
      propertyPath: m_FillClockwise
      value: 0
      objectReference: {fileID: 0}
    - target: {fileID: 7835617988008147107, guid: 807ce2a7853384d40891dae22930d68b, type: 3}
      propertyPath: m_Value
      value: 100000
      objectReference: {fileID: 0}
    - target: {fileID: 7835617988008147107, guid: 807ce2a7853384d40891dae22930d68b, type: 3}
      propertyPath: m_MaxValue
      value: 100000
      objectReference: {fileID: 0}
    - target: {fileID: 7835617988008147107, guid: 807ce2a7853384d40891dae22930d68b, type: 3}
      propertyPath: m_Navigation.m_Mode
      value: 0
      objectReference: {fileID: 0}
    - target: {fileID: 7885908314399048205, guid: 807ce2a7853384d40891dae22930d68b, type: 3}
      propertyPath: m_LocalRotation.w
      value: 1
      objectReference: {fileID: 0}
    - target: {fileID: 7885908314399048205, guid: 807ce2a7853384d40891dae22930d68b, type: 3}
      propertyPath: m_LocalRotation.x
      value: 0
      objectReference: {fileID: 0}
    - target: {fileID: 7885908314399048205, guid: 807ce2a7853384d40891dae22930d68b, type: 3}
      propertyPath: m_LocalRotation.y
      value: 0
      objectReference: {fileID: 0}
    - target: {fileID: 7885908314399048205, guid: 807ce2a7853384d40891dae22930d68b, type: 3}
      propertyPath: m_LocalRotation.z
      value: 0
      objectReference: {fileID: 0}
    - target: {fileID: 7885908314399048205, guid: 807ce2a7853384d40891dae22930d68b, type: 3}
      propertyPath: m_AnchoredPosition.x
      value: 10
      objectReference: {fileID: 0}
    - target: {fileID: 7885908314399048205, guid: 807ce2a7853384d40891dae22930d68b, type: 3}
      propertyPath: m_AnchoredPosition.y
      value: 0.057497025
      objectReference: {fileID: 0}
    - target: {fileID: 7885908314399048205, guid: 807ce2a7853384d40891dae22930d68b, type: 3}
      propertyPath: m_LocalEulerAnglesHint.y
      value: 0
      objectReference: {fileID: 0}
    m_RemovedComponents: []
  m_SourcePrefab: {fileID: 100100000, guid: 807ce2a7853384d40891dae22930d68b, type: 3}
--- !u!224 &5742208119796871188 stripped
RectTransform:
  m_CorrespondingSourceObject: {fileID: 2286601463405051707, guid: 807ce2a7853384d40891dae22930d68b, type: 3}
  m_PrefabInstance: {fileID: 5767923882165948207}
  m_PrefabAsset: {fileID: 0}
--- !u!1 &5742208119796871192 stripped
GameObject:
  m_CorrespondingSourceObject: {fileID: 2286601463405051703, guid: 807ce2a7853384d40891dae22930d68b, type: 3}
  m_PrefabInstance: {fileID: 5767923882165948207}
  m_PrefabAsset: {fileID: 0}
--- !u!225 &496519297
CanvasGroup:
  m_ObjectHideFlags: 0
  m_CorrespondingSourceObject: {fileID: 0}
  m_PrefabInstance: {fileID: 0}
  m_PrefabAsset: {fileID: 0}
  m_GameObject: {fileID: 5742208119796871192}
  m_Enabled: 1
  m_Alpha: 1
  m_Interactable: 1
  m_BlocksRaycasts: 1
  m_IgnoreParentGroups: 0
